

05/01/2012  09:43:04 AM
Error-->>TallySynchronizer.TallyException: Ledger Mapping Not found for Entry Detail:1746
		EntryID = 766Ledger ID 0


05/01/2012  09:43:05 AM
Error-->>TallySynchronizer.TallyException: Ledger Mapping Not found for Entry Detail:1748
		EntryID = 767Ledger ID 0


05/01/2012  09:43:06 AM
Error-->>TallySynchronizer.TallyException: Ledger Mapping Not found for Entry Detail:1750
		EntryID = 768Ledger ID 0


05/01/2012  09:43:07 AM
Error-->>TallySynchronizer.TallyException: Ledger Mapping Not found for Entry Detail:1752
		EntryID = 769Ledger ID 0


05/01/2012  09:43:13 AM
Error-->>TallySynchronizer.TallyException: Ledger Mapping Not found for Entry Detail:1754
		EntryID = 770Ledger ID 0


05/01/2012  09:43:13 AM
Error-->>TallySynchronizer.TallyException: Ledger Mapping Not found for Entry Detail:1756
		EntryID = 771Ledger ID 0


05/01/2012  09:43:29 AM
Error-->>System.Threading.AbandonedMutexException: The wait completed due to an abandoned mutex.
   at System.Threading.WaitHandle.WaitOne(Int64 timeout, Boolean exitContext)
   at System.Threading.WaitHandle.WaitOne(Int32 millisecondsTimeout, Boolean exitContext)
   at System.Threading.WaitHandle.WaitOne(Int32 millisecondsTimeout)
   at TallySynchronizer.Tally.ExportOffLineTransactions() in D:\TEST\TallySynchronizer\TallyManager.cs:line 122
		


05/01/2012  09:43:38 AM
Error-->>TallySynchronizer.TallyException: Ledger Mapping Not found for Entry Detail:1746
		EntryID = 766Ledger ID 0


05/01/2012  09:43:38 AM
Error-->>TallySynchronizer.TallyException: Ledger Mapping Not found for Entry Detail:1748
		EntryID = 767Ledger ID 0


05/01/2012  09:43:38 AM
Error-->>TallySynchronizer.TallyException: Ledger Mapping Not found for Entry Detail:1750
		EntryID = 768Ledger ID 0


05/01/2012  09:43:38 AM
Error-->>TallySynchronizer.TallyException: Ledger Mapping Not found for Entry Detail:1752
		EntryID = 769Ledger ID 0


05/01/2012  09:43:38 AM
Error-->>TallySynchronizer.TallyException: Ledger Mapping Not found for Entry Detail:1754
		EntryID = 770Ledger ID 0


05/01/2012  09:43:38 AM
Error-->>TallySynchronizer.TallyException: Ledger Mapping Not found for Entry Detail:1756
		EntryID = 771Ledger ID 0


05/01/2012  09:47:02 AM
Error-->>TallySynchronizer.TallyException: System.Exception: Voucher Original Entry Date Needed for modification not provided
   at TallySynchronizer.TallyVoucher.GetVoucherXML(String TallyCompanyName) in D:\TEST\TallySynchronizer\TallyVoucher.cs:line 258
   at TallySynchronizer.TallyConnection.AlterVoucherEntry(TallyVoucher VoucherEntry) in D:\TEST\TallySynchronizer\TallyConnection.cs:line 136
   at TallySynchronizer.Tally.UpdateTally(Tally_Entry TallyEntry, Tally_EntryDetails[] TallyEntryDetails, SyncType Type, Int16 RetryCount) in D:\TEST\TallySynchronizer\TallyManager.cs:line 426
   at TallySynchronizer.Tally.UpdateTally(Tally_Entry TallyEntry, Tally_EntryDetails[] TallyEntryDetails, SyncType Type, Int16 RetryCount) in D:\TEST\TallySynchronizer\TallyManager.cs:line 557
   at TallySynchronizer.Tally.UpdateTally(Tally_Entry TallyEntry, Tally_EntryDetails[] TallyEntryDetails, SyncType Type) in D:\TEST\TallySynchronizer\TallyManager.cs:line 305
   at TallySynchronizer.Tally.ExportOffLineTransactions() in D:\TEST\TallySynchronizer\TallyManager.cs:line 188
		


05/01/2012  09:47:47 AM
Error-->>TallySynchronizer.TallyException: Error communicating with tally server at http:\\192.168.1.36:9000
Response
<ENVELOPE>
<HEADER>
<VERSION>1</VERSION>
<TALLYREQUEST>Import</TALLYREQUEST>
<TYPE>Data</TYPE>
<ID>All Masters</ID>
</HEADER>
<BODY>
<DESC>
<STATICVARIABLES>
<SVCURRENTCOMPANY>CMS</SVCURRENTCOMPANY>
<IMPORTDUPS>@@DupIgnoreCombine</IMPORTDUPS>
</STATICVARIABLES>
</DESC>
<DATA>
<TALLYMESSAGE>
<VOUCHER DATE="20120104" TAGNAME = "Reference" TAGVALUE="135PAY" Action="Alter">
<DATE>20120104</DATE>
<NARRATION>[135PAY][151] ToWards : S</NARRATION>
<VOUCHERTYPENAME>Receipt</VOUCHERTYPENAME>
<VOUCHERNUMBER>135PAY</VOUCHERNUMBER>
<REFERENCE>135PAY</REFERENCE>
<ALLLEDGERENTRIES.LIST>
<LEDGERNAME>Member Control Account(MCA)</LEDGERNAME>
<ISDEEMEDPOSITIVE>No</ISDEEMEDPOSITIVE>
<AMOUNT>4500</AMOUNT>
</ALLLEDGERENTRIES.LIST>
<ALLLEDGERENTRIES.LIST>
<LEDGERNAME>CASH ACOUNT(CSH)</LEDGERNAME>
<ISDEEMEDPOSITIVE>Yes</ISDEEMEDPOSITIVE>
<AMOUNT>-4500</AMOUNT>
</ALLLEDGERENTRIES.LIST>

</VOUCHER>
</TALLYMESSAGE>
</DATA>
</BODY>
</ENVELOPE>
   at TallySynchronizer.Tally.UpdateTally(Tally_Entry TallyEntry, Tally_EntryDetails[] TallyEntryDetails, SyncType Type, Int16 RetryCount) in D:\TEST\TallySynchronizer\TallyManager.cs:line 541
   at TallySynchronizer.Tally.UpdateTally(Tally_Entry TallyEntry, Tally_EntryDetails[] TallyEntryDetails, SyncType Type) in D:\TEST\TallySynchronizer\TallyManager.cs:line 305
   at TallySynchronizer.Tally.ExportOffLineTransactions() in D:\TEST\TallySynchronizer\TallyManager.cs:line 188
		


05/01/2012  09:49:12 AM
Error-->>TallySynchronizer.TallyException: Ledger Not Found
		

Request 
<ENVELOPE>
<HEADER>
<VERSION>1</VERSION>
<TALLYREQUEST>Import</TALLYREQUEST>
<TYPE>Data</TYPE>
<ID>All Masters</ID>
</HEADER>
<BODY>
<DESC>
<STATICVARIABLES>
<SVCURRENTCOMPANY>CMS</SVCURRENTCOMPANY>
<IMPORTDUPS>@@DupIgnoreCombine</IMPORTDUPS>
</STATICVARIABLES>
</DESC>
<DATA>
<TALLYMESSAGE>
<VOUCHER DATE="20120104" TAGNAME = "Reference" TAGVALUE="135PAY" Action="Alter">
<DATE>20120104</DATE>
<NARRATION>[135PAY][151] ToWards : S</NARRATION>
<VOUCHERTYPENAME>Receipt</VOUCHERTYPENAME>
<VOUCHERNUMBER>135PAY</VOUCHERNUMBER>
<REFERENCE>135PAY</REFERENCE>
<ALLLEDGERENTRIES.LIST>
<LEDGERNAME>Member Control Account(MCA)</LEDGERNAME>
<ISDEEMEDPOSITIVE>No</ISDEEMEDPOSITIVE>
<AMOUNT>4500</AMOUNT>
</ALLLEDGERENTRIES.LIST>
<ALLLEDGERENTRIES.LIST>
<LEDGERNAME>CASH ACOUNT(CSH)</LEDGERNAME>
<ISDEEMEDPOSITIVE>Yes</ISDEEMEDPOSITIVE>
<AMOUNT>-4500</AMOUNT>
</ALLLEDGERENTRIES.LIST>

</VOUCHER>
</TALLYMESSAGE>
</DATA>
</BODY>
</ENVELOPE>

Response 
<ENVELOPE>
 <HEADER>
  <VERSION>1</VERSION>
  <STATUS>0</STATUS>
 </HEADER>
 <BODY>
  <DATA>
   <LINEERROR>Ledger &apos;Member Control Account(MCA)&apos; does not exist!</LINEERROR>
   <CREATED>0</CREATED>
   <ALTERED>0</ALTERED>
   <LASTVCHID>0</LASTVCHID>
   <LASTMID>0</LASTMID>
   <COMBINED>0</COMBINED>
   <IGNORED>0</IGNORED>
   <ERRORS>1</ERRORS>
  </DATA>
  <DESC>
   <CMPINFO>
    <COMPANY>0</COMPANY>
    <GROUP>0</GROUP>
    <LEDGER>0</LEDGER>
    <COSTCATEGORY>0</COSTCATEGORY>
    <COSTCENTRE>0</COSTCENTRE>
    <GODOWN>0</GODOWN>
    <STOCKGROUP>0</STOCKGROUP>
    <STOCKCATEGORY>0</STOCKCATEGORY>
    <STOCKITEM>0</STOCKITEM>
    <VOUCHERTYPE>0</VOUCHERTYPE>
    <CURRENCY>0</CURRENCY>
    <UNIT>0</UNIT>
    <BUDGET>0</BUDGET>
    <CLIENTRULE>0</CLIENTRULE>
    <SERVERRULE>0</SERVERRULE>
    <STATE>0</STATE>
    <TDSRATE>0</TDSRATE>
    <TAXCLASSIFICATION>0</TAXCLASSIFICATION>
    <STCATEGORY>0</STCATEGORY>
    <DEDUCTEETYPE>0</DEDUCTEETYPE>
    <ATTENDANCETYPE>0</ATTENDANCETYPE>
    <FBTCATEGORY>0</FBTCATEGORY>
    <FBTASSESSEETYPE>0</FBTASSESSEETYPE>
    <TARIFFCLASSIFICATION>0</TARIFFCLASSIFICATION>
    <EXCISEDUTYCLASSIFICATION>0</EXCISEDUTYCLASSIFICATION>
    <SERIALNUMBER>0</SERIALNUMBER>
    <ADJUSTMENTCLASSIFICATION>0</ADJUSTMENTCLASSIFICATION>
    <INCOMETAXSLAB>0</INCOMETAXSLAB>
    <INCOMETAXCLASSIFICATION>0</INCOMETAXCLASSIFICATION>
    <VOUCHER>0</VOUCHER>
   </CMPINFO>
  </DESC>
 </BODY>
</ENVELOPE>



05/01/2012  09:49:12 AM
Error-->>TallySynchronizer.TallyException: System.ArgumentException: Object of type 'System.Int32' cannot be converted to type 'System.String'.
   at IRCAKernel.IRCASQLConnection.getResultSet(Type resultType, String Query) in D:\TEST\IRCAKernel\IRCADBConnection.cs:line 186
   at Tally.DataProvider.GetmChargeAccountCategory(String ID) in D:\TEST\TallySynchronizer\DataProvider.cs:line 313
   at TallySynchronizer.Tally.CreateLedgersForEntires(Tally_EntryDetails[] TallyEntryDetails) in D:\TEST\TallySynchronizer\TallyManager.cs:line 608
   at TallySynchronizer.Tally.UpdateTally(Tally_Entry TallyEntry, Tally_EntryDetails[] TallyEntryDetails, SyncType Type, Int16 RetryCount) in D:\TEST\TallySynchronizer\TallyManager.cs:line 509
   at TallySynchronizer.Tally.UpdateTally(Tally_Entry TallyEntry, Tally_EntryDetails[] TallyEntryDetails, SyncType Type, Int16 RetryCount) in D:\TEST\TallySynchronizer\TallyManager.cs:line 557
   at TallySynchronizer.Tally.UpdateTally(Tally_Entry TallyEntry, Tally_EntryDetails[] TallyEntryDetails, SyncType Type) in D:\TEST\TallySynchronizer\TallyManager.cs:line 305
   at TallySynchronizer.Tally.ExportOffLineTransactions() in D:\TEST\TallySynchronizer\TallyManager.cs:line 188
		


05/01/2012  09:50:13 AM
Error-->>TallySynchronizer.TallyException: Ledger Not Found
		

Request 
<ENVELOPE>
<HEADER>
<VERSION>1</VERSION>
<TALLYREQUEST>Import</TALLYREQUEST>
<TYPE>Data</TYPE>
<ID>All Masters</ID>
</HEADER>
<BODY>
<DESC>
<STATICVARIABLES>
<SVCURRENTCOMPANY>CMS</SVCURRENTCOMPANY>
<IMPORTDUPS>@@DupIgnoreCombine</IMPORTDUPS>
</STATICVARIABLES>
</DESC>
<DATA>
<TALLYMESSAGE>
<VOUCHER DATE="20120104" TAGNAME = "Reference" TAGVALUE="135PAY" Action="Alter">
<DATE>20120104</DATE>
<NARRATION>[135PAY][151] ToWards : S</NARRATION>
<VOUCHERTYPENAME>Receipt</VOUCHERTYPENAME>
<VOUCHERNUMBER>135PAY</VOUCHERNUMBER>
<REFERENCE>135PAY</REFERENCE>
<ALLLEDGERENTRIES.LIST>
<LEDGERNAME>Member Control Account(MCA)</LEDGERNAME>
<ISDEEMEDPOSITIVE>No</ISDEEMEDPOSITIVE>
<AMOUNT>4500</AMOUNT>
</ALLLEDGERENTRIES.LIST>
<ALLLEDGERENTRIES.LIST>
<LEDGERNAME>CASH ACOUNT(CSH)</LEDGERNAME>
<ISDEEMEDPOSITIVE>Yes</ISDEEMEDPOSITIVE>
<AMOUNT>-4500</AMOUNT>
</ALLLEDGERENTRIES.LIST>

</VOUCHER>
</TALLYMESSAGE>
</DATA>
</BODY>
</ENVELOPE>

Response 
<ENVELOPE>
 <HEADER>
  <VERSION>1</VERSION>
  <STATUS>0</STATUS>
 </HEADER>
 <BODY>
  <DATA>
   <LINEERROR>Ledger &apos;CASH ACOUNT(CSH)&apos; does not exist!</LINEERROR>
   <CREATED>0</CREATED>
   <ALTERED>0</ALTERED>
   <LASTVCHID>0</LASTVCHID>
   <LASTMID>0</LASTMID>
   <COMBINED>0</COMBINED>
   <IGNORED>0</IGNORED>
   <ERRORS>1</ERRORS>
  </DATA>
  <DESC>
   <CMPINFO>
    <COMPANY>0</COMPANY>
    <GROUP>0</GROUP>
    <LEDGER>1</LEDGER>
    <COSTCATEGORY>0</COSTCATEGORY>
    <COSTCENTRE>0</COSTCENTRE>
    <GODOWN>0</GODOWN>
    <STOCKGROUP>0</STOCKGROUP>
    <STOCKCATEGORY>0</STOCKCATEGORY>
    <STOCKITEM>0</STOCKITEM>
    <VOUCHERTYPE>0</VOUCHERTYPE>
    <CURRENCY>0</CURRENCY>
    <UNIT>0</UNIT>
    <BUDGET>0</BUDGET>
    <CLIENTRULE>0</CLIENTRULE>
    <SERVERRULE>0</SERVERRULE>
    <STATE>0</STATE>
    <TDSRATE>0</TDSRATE>
    <TAXCLASSIFICATION>0</TAXCLASSIFICATION>
    <STCATEGORY>0</STCATEGORY>
    <DEDUCTEETYPE>0</DEDUCTEETYPE>
    <ATTENDANCETYPE>0</ATTENDANCETYPE>
    <FBTCATEGORY>0</FBTCATEGORY>
    <FBTASSESSEETYPE>0</FBTASSESSEETYPE>
    <TARIFFCLASSIFICATION>0</TARIFFCLASSIFICATION>
    <EXCISEDUTYCLASSIFICATION>0</EXCISEDUTYCLASSIFICATION>
    <SERIALNUMBER>0</SERIALNUMBER>
    <ADJUSTMENTCLASSIFICATION>0</ADJUSTMENTCLASSIFICATION>
    <INCOMETAXSLAB>0</INCOMETAXSLAB>
    <INCOMETAXCLASSIFICATION>0</INCOMETAXCLASSIFICATION>
    <VOUCHER>0</VOUCHER>
   </CMPINFO>
  </DESC>
 </BODY>
</ENVELOPE>



05/01/2012  09:50:14 AM
Error-->>TallySynchronizer.TallyException: <ENVELOPE>
 <HEADER>
  <VERSION>1</VERSION>
  <STATUS>1</STATUS>
 </HEADER>
 <BODY>
  <DATA>
   <IMPORTRESULT>
    <CREATED>0</CREATED>
    <ALTERED>1</ALTERED>
    <LASTVCHID>0</LASTVCHID>
    <LASTMID>0</LASTMID>
    <COMBINED>0</COMBINED>
    <IGNORED>0</IGNORED>
    <ERRORS>0</ERRORS>
   </IMPORTRESULT>
  </DATA>
  <DESC>
   <CMPINFO>
    <COMPANY>0</COMPANY>
    <GROUP>0</GROUP>
    <LEDGER>2</LEDGER>
    <COSTCATEGORY>0</COSTCATEGORY>
    <COSTCENTRE>0</COSTCENTRE>
    <GODOWN>0</GODOWN>
    <STOCKGROUP>0</STOCKGROUP>
    <STOCKCATEGORY>0</STOCKCATEGORY>
    <STOCKITEM>0</STOCKITEM>
    <VOUCHERTYPE>0</VOUCHERTYPE>
    <CURRENCY>0</CURRENCY>
    <UNIT>0</UNIT>
    <BUDGET>0</BUDGET>
    <CLIENTRULE>0</CLIENTRULE>
    <SERVERRULE>0</SERVERRULE>
    <STATE>0</STATE>
    <TDSRATE>0</TDSRATE>
    <TAXCLASSIFICATION>0</TAXCLASSIFICATION>
    <STCATEGORY>0</STCATEGORY>
    <DEDUCTEETYPE>0</DEDUCTEETYPE>
    <ATTENDANCETYPE>0</ATTENDANCETYPE>
    <FBTCATEGORY>0</FBTCATEGORY>
    <FBTASSESSEETYPE>0</FBTASSESSEETYPE>
    <TARIFFCLASSIFICATION>0</TARIFFCLASSIFICATION>
    <EXCISEDUTYCLASSIFICATION>0</EXCISEDUTYCLASSIFICATION>
    <SERIALNUMBER>0</SERIALNUMBER>
    <ADJUSTMENTCLASSIFICATION>0</ADJUSTMENTCLASSIFICATION>
    <INCOMETAXSLAB>0</INCOMETAXSLAB>
    <INCOMETAXCLASSIFICATION>0</INCOMETAXCLASSIFICATION>
    <VOUCHER>0</VOUCHER>
   </CMPINFO>
  </DESC>
 </BODY>
</ENVELOPE>

Response
<ENVELOPE><HEADER><VERSION>1</VERSION><TALLYREQUEST>Import</TALLYREQUEST><TYPE>Data</TYPE><ID>All Masters</ID></HEADER><BODY><DESC><STATICVARIABLES><SVCURRENTCOMPANY>CMS</SVCURRENTCOMPANY><IMPORTDUPS>@@DupIgnoreCombine</IMPORTDUPS></STATICVARIABLES></DESC><DATA><TALLYMESSAGE><LEDGER NAME="Member Control Account"><PARENT>Sundry Debtors</PARENT><LANGUAGENAME.LIST><NAME.LIST TYPE="String"><NAME>Member Control Account</NAME><NAME>Member Control Account(MCA)</NAME></NAME.LIST></LANGUAGENAME.LIST></LEDGER></TALLYMESSAGE></DATA></BODY></ENVELOPE>
		Ledger Name : Member Control Account
Alias Name : Member Control Account(MCA)

 Request XML 
<ENVELOPE><HEADER><VERSION>1</VERSION><TALLYREQUEST>Import</TALLYREQUEST><TYPE>Data</TYPE><ID>All Masters</ID></HEADER><BODY><DESC><STATICVARIABLES><SVCURRENTCOMPANY>CMS</SVCURRENTCOMPANY><IMPORTDUPS>@@DupIgnoreCombine</IMPORTDUPS></STATICVARIABLES></DESC><DATA><TALLYMESSAGE><LEDGER NAME="Member Control Account"><PARENT>Sundry Debtors</PARENT><LANGUAGENAME.LIST><NAME.LIST TYPE="String"><NAME>Member Control Account</NAME><NAME>Member Control Account(MCA)</NAME></NAME.LIST></LANGUAGENAME.LIST></LEDGER></TALLYMESSAGE></DATA></BODY></ENVELOPE>

 Response XML 
<ENVELOPE>
 <HEADER>
  <VERSION>1</VERSION>
  <STATUS>1</STATUS>
 </HEADER>
 <BODY>
  <DATA>
   <IMPORTRESULT>
    <CREATED>0</CREATED>
    <ALTERED>1</ALTERED>
    <LASTVCHID>0</LASTVCHID>
    <LASTMID>0</LASTMID>
    <COMBINED>0</COMBINED>
    <IGNORED>0</IGNORED>
    <ERRORS>0</ERRORS>
   </IMPORTRESULT>
  </DATA>
  <DESC>
   <CMPINFO>
    <COMPANY>0</COMPANY>
    <GROUP>0</GROUP>
    <LEDGER>2</LEDGER>
    <COSTCATEGORY>0</COSTCATEGORY>
    <COSTCENTRE>0</COSTCENTRE>
    <GODOWN>0</GODOWN>
    <STOCKGROUP>0</STOCKGROUP>
    <STOCKCATEGORY>0</STOCKCATEGORY>
    <STOCKITEM>0</STOCKITEM>
    <VOUCHERTYPE>0</VOUCHERTYPE>
    <CURRENCY>0</CURRENCY>
    <UNIT>0</UNIT>
    <BUDGET>0</BUDGET>
    <CLIENTRULE>0</CLIENTRULE>
    <SERVERRULE>0</SERVERRULE>
    <STATE>0</STATE>
    <TDSRATE>0</TDSRATE>
    <TAXCLASSIFICATION>0</TAXCLASSIFICATION>
    <STCATEGORY>0</STCATEGORY>
    <DEDUCTEETYPE>0</DEDUCTEETYPE>
    <ATTENDANCETYPE>0</ATTENDANCETYPE>
    <FBTCATEGORY>0</FBTCATEGORY>
    <FBTASSESSEETYPE>0</FBTASSESSEETYPE>
    <TARIFFCLASSIFICATION>0</TARIFFCLASSIFICATION>
    <EXCISEDUTYCLASSIFICATION>0</EXCISEDUTYCLASSIFICATION>
    <SERIALNUMBER>0</SERIALNUMBER>
    <ADJUSTMENTCLASSIFICATION>0</ADJUSTMENTCLASSIFICATION>
    <INCOMETAXSLAB>0</INCOMETAXSLAB>
    <INCOMETAXCLASSIFICATION>0</INCOMETAXCLASSIFICATION>
    <VOUCHER>0</VOUCHER>
   </CMPINFO>
  </DESC>
 </BODY>
</ENVELOPE>





05/01/2012  09:50:14 AM
Error-->>TallySynchronizer.TallyException: System.ArgumentException: Object of type 'System.Int32' cannot be converted to type 'System.String'.
   at IRCAKernel.IRCASQLConnection.getResultSet(Type resultType, String Query) in D:\TEST\IRCAKernel\IRCADBConnection.cs:line 186
   at Tally.DataProvider.GetmChargeAccountCategory(String ID) in D:\TEST\TallySynchronizer\DataProvider.cs:line 313
   at TallySynchronizer.Tally.CreateLedgersForEntires(Tally_EntryDetails[] TallyEntryDetails) in D:\TEST\TallySynchronizer\TallyManager.cs:line 608
   at TallySynchronizer.Tally.UpdateTally(Tally_Entry TallyEntry, Tally_EntryDetails[] TallyEntryDetails, SyncType Type, Int16 RetryCount) in D:\TEST\TallySynchronizer\TallyManager.cs:line 509
   at TallySynchronizer.Tally.UpdateTally(Tally_Entry TallyEntry, Tally_EntryDetails[] TallyEntryDetails, SyncType Type, Int16 RetryCount) in D:\TEST\TallySynchronizer\TallyManager.cs:line 557
   at TallySynchronizer.Tally.UpdateTally(Tally_Entry TallyEntry, Tally_EntryDetails[] TallyEntryDetails, SyncType Type) in D:\TEST\TallySynchronizer\TallyManager.cs:line 305
   at TallySynchronizer.Tally.ExportOffLineTransactions() in D:\TEST\TallySynchronizer\TallyManager.cs:line 188
		


05/01/2012  09:52:38 AM
Error-->>TallySynchronizer.TallyException: Ledger Not Found
		

Request 
<ENVELOPE>
<HEADER>
<VERSION>1</VERSION>
<TALLYREQUEST>Import</TALLYREQUEST>
<TYPE>Data</TYPE>
<ID>All Masters</ID>
</HEADER>
<BODY>
<DESC>
<STATICVARIABLES>
<SVCURRENTCOMPANY>CMS</SVCURRENTCOMPANY>
<IMPORTDUPS>@@DupIgnoreCombine</IMPORTDUPS>
</STATICVARIABLES>
</DESC>
<DATA>
<TALLYMESSAGE>
<VOUCHER DATE="20120104" TAGNAME = "Reference" TAGVALUE="135PAY" Action="Alter">
<DATE>20120104</DATE>
<NARRATION>[135PAY][151] ToWards : S</NARRATION>
<VOUCHERTYPENAME>Receipt</VOUCHERTYPENAME>
<VOUCHERNUMBER>135PAY</VOUCHERNUMBER>
<REFERENCE>135PAY</REFERENCE>
<ALLLEDGERENTRIES.LIST>
<LEDGERNAME>Member Control Account(MCA)</LEDGERNAME>
<ISDEEMEDPOSITIVE>No</ISDEEMEDPOSITIVE>
<AMOUNT>4500</AMOUNT>
</ALLLEDGERENTRIES.LIST>
<ALLLEDGERENTRIES.LIST>
<LEDGERNAME>CASH ACOUNT(CSH)</LEDGERNAME>
<ISDEEMEDPOSITIVE>Yes</ISDEEMEDPOSITIVE>
<AMOUNT>-4500</AMOUNT>
</ALLLEDGERENTRIES.LIST>

</VOUCHER>
</TALLYMESSAGE>
</DATA>
</BODY>
</ENVELOPE>

Response 
<ENVELOPE>
 <HEADER>
  <VERSION>1</VERSION>
  <STATUS>0</STATUS>
 </HEADER>
 <BODY>
  <DATA>
   <LINEERROR>Ledger &apos;CASH ACOUNT(CSH)&apos; does not exist!</LINEERROR>
   <CREATED>0</CREATED>
   <ALTERED>0</ALTERED>
   <LASTVCHID>0</LASTVCHID>
   <LASTMID>0</LASTMID>
   <COMBINED>0</COMBINED>
   <IGNORED>0</IGNORED>
   <ERRORS>1</ERRORS>
  </DATA>
  <DESC>
   <CMPINFO>
    <COMPANY>0</COMPANY>
    <GROUP>0</GROUP>
    <LEDGER>2</LEDGER>
    <COSTCATEGORY>0</COSTCATEGORY>
    <COSTCENTRE>0</COSTCENTRE>
    <GODOWN>0</GODOWN>
    <STOCKGROUP>0</STOCKGROUP>
    <STOCKCATEGORY>0</STOCKCATEGORY>
    <STOCKITEM>0</STOCKITEM>
    <VOUCHERTYPE>0</VOUCHERTYPE>
    <CURRENCY>0</CURRENCY>
    <UNIT>0</UNIT>
    <BUDGET>0</BUDGET>
    <CLIENTRULE>0</CLIENTRULE>
    <SERVERRULE>0</SERVERRULE>
    <STATE>0</STATE>
    <TDSRATE>0</TDSRATE>
    <TAXCLASSIFICATION>0</TAXCLASSIFICATION>
    <STCATEGORY>0</STCATEGORY>
    <DEDUCTEETYPE>0</DEDUCTEETYPE>
    <ATTENDANCETYPE>0</ATTENDANCETYPE>
    <FBTCATEGORY>0</FBTCATEGORY>
    <FBTASSESSEETYPE>0</FBTASSESSEETYPE>
    <TARIFFCLASSIFICATION>0</TARIFFCLASSIFICATION>
    <EXCISEDUTYCLASSIFICATION>0</EXCISEDUTYCLASSIFICATION>
    <SERIALNUMBER>0</SERIALNUMBER>
    <ADJUSTMENTCLASSIFICATION>0</ADJUSTMENTCLASSIFICATION>
    <INCOMETAXSLAB>0</INCOMETAXSLAB>
    <INCOMETAXCLASSIFICATION>0</INCOMETAXCLASSIFICATION>
    <VOUCHER>0</VOUCHER>
   </CMPINFO>
  </DESC>
 </BODY>
</ENVELOPE>



05/01/2012  09:53:01 AM
Error-->>TallySynchronizer.TallyException: <ENVELOPE>
 <HEADER>
  <VERSION>1</VERSION>
  <STATUS>1</STATUS>
 </HEADER>
 <BODY>
  <DATA>
   <IMPORTRESULT>
    <CREATED>0</CREATED>
    <ALTERED>1</ALTERED>
    <LASTVCHID>0</LASTVCHID>
    <LASTMID>0</LASTMID>
    <COMBINED>0</COMBINED>
    <IGNORED>0</IGNORED>
    <ERRORS>0</ERRORS>
   </IMPORTRESULT>
  </DATA>
  <DESC>
   <CMPINFO>
    <COMPANY>0</COMPANY>
    <GROUP>0</GROUP>
    <LEDGER>3</LEDGER>
    <COSTCATEGORY>0</COSTCATEGORY>
    <COSTCENTRE>0</COSTCENTRE>
    <GODOWN>0</GODOWN>
    <STOCKGROUP>0</STOCKGROUP>
    <STOCKCATEGORY>0</STOCKCATEGORY>
    <STOCKITEM>0</STOCKITEM>
    <VOUCHERTYPE>0</VOUCHERTYPE>
    <CURRENCY>0</CURRENCY>
    <UNIT>0</UNIT>
    <BUDGET>0</BUDGET>
    <CLIENTRULE>0</CLIENTRULE>
    <SERVERRULE>0</SERVERRULE>
    <STATE>0</STATE>
    <TDSRATE>0</TDSRATE>
    <TAXCLASSIFICATION>0</TAXCLASSIFICATION>
    <STCATEGORY>0</STCATEGORY>
    <DEDUCTEETYPE>0</DEDUCTEETYPE>
    <ATTENDANCETYPE>0</ATTENDANCETYPE>
    <FBTCATEGORY>0</FBTCATEGORY>
    <FBTASSESSEETYPE>0</FBTASSESSEETYPE>
    <TARIFFCLASSIFICATION>0</TARIFFCLASSIFICATION>
    <EXCISEDUTYCLASSIFICATION>0</EXCISEDUTYCLASSIFICATION>
    <SERIALNUMBER>0</SERIALNUMBER>
    <ADJUSTMENTCLASSIFICATION>0</ADJUSTMENTCLASSIFICATION>
    <INCOMETAXSLAB>0</INCOMETAXSLAB>
    <INCOMETAXCLASSIFICATION>0</INCOMETAXCLASSIFICATION>
    <VOUCHER>0</VOUCHER>
   </CMPINFO>
  </DESC>
 </BODY>
</ENVELOPE>

Response
<ENVELOPE><HEADER><VERSION>1</VERSION><TALLYREQUEST>Import</TALLYREQUEST><TYPE>Data</TYPE><ID>All Masters</ID></HEADER><BODY><DESC><STATICVARIABLES><SVCURRENTCOMPANY>CMS</SVCURRENTCOMPANY><IMPORTDUPS>@@DupIgnoreCombine</IMPORTDUPS></STATICVARIABLES></DESC><DATA><TALLYMESSAGE><LEDGER NAME="Member Control Account"><PARENT>Sundry Debtors</PARENT><LANGUAGENAME.LIST><NAME.LIST TYPE="String"><NAME>Member Control Account</NAME><NAME>Member Control Account(MCA)</NAME></NAME.LIST></LANGUAGENAME.LIST></LEDGER></TALLYMESSAGE></DATA></BODY></ENVELOPE>
		Ledger Name : Member Control Account
Alias Name : Member Control Account(MCA)

 Request XML 
<ENVELOPE><HEADER><VERSION>1</VERSION><TALLYREQUEST>Import</TALLYREQUEST><TYPE>Data</TYPE><ID>All Masters</ID></HEADER><BODY><DESC><STATICVARIABLES><SVCURRENTCOMPANY>CMS</SVCURRENTCOMPANY><IMPORTDUPS>@@DupIgnoreCombine</IMPORTDUPS></STATICVARIABLES></DESC><DATA><TALLYMESSAGE><LEDGER NAME="Member Control Account"><PARENT>Sundry Debtors</PARENT><LANGUAGENAME.LIST><NAME.LIST TYPE="String"><NAME>Member Control Account</NAME><NAME>Member Control Account(MCA)</NAME></NAME.LIST></LANGUAGENAME.LIST></LEDGER></TALLYMESSAGE></DATA></BODY></ENVELOPE>

 Response XML 
<ENVELOPE>
 <HEADER>
  <VERSION>1</VERSION>
  <STATUS>1</STATUS>
 </HEADER>
 <BODY>
  <DATA>
   <IMPORTRESULT>
    <CREATED>0</CREATED>
    <ALTERED>1</ALTERED>
    <LASTVCHID>0</LASTVCHID>
    <LASTMID>0</LASTMID>
    <COMBINED>0</COMBINED>
    <IGNORED>0</IGNORED>
    <ERRORS>0</ERRORS>
   </IMPORTRESULT>
  </DATA>
  <DESC>
   <CMPINFO>
    <COMPANY>0</COMPANY>
    <GROUP>0</GROUP>
    <LEDGER>3</LEDGER>
    <COSTCATEGORY>0</COSTCATEGORY>
    <COSTCENTRE>0</COSTCENTRE>
    <GODOWN>0</GODOWN>
    <STOCKGROUP>0</STOCKGROUP>
    <STOCKCATEGORY>0</STOCKCATEGORY>
    <STOCKITEM>0</STOCKITEM>
    <VOUCHERTYPE>0</VOUCHERTYPE>
    <CURRENCY>0</CURRENCY>
    <UNIT>0</UNIT>
    <BUDGET>0</BUDGET>
    <CLIENTRULE>0</CLIENTRULE>
    <SERVERRULE>0</SERVERRULE>
    <STATE>0</STATE>
    <TDSRATE>0</TDSRATE>
    <TAXCLASSIFICATION>0</TAXCLASSIFICATION>
    <STCATEGORY>0</STCATEGORY>
    <DEDUCTEETYPE>0</DEDUCTEETYPE>
    <ATTENDANCETYPE>0</ATTENDANCETYPE>
    <FBTCATEGORY>0</FBTCATEGORY>
    <FBTASSESSEETYPE>0</FBTASSESSEETYPE>
    <TARIFFCLASSIFICATION>0</TARIFFCLASSIFICATION>
    <EXCISEDUTYCLASSIFICATION>0</EXCISEDUTYCLASSIFICATION>
    <SERIALNUMBER>0</SERIALNUMBER>
    <ADJUSTMENTCLASSIFICATION>0</ADJUSTMENTCLASSIFICATION>
    <INCOMETAXSLAB>0</INCOMETAXSLAB>
    <INCOMETAXCLASSIFICATION>0</INCOMETAXCLASSIFICATION>
    <VOUCHER>0</VOUCHER>
   </CMPINFO>
  </DESC>
 </BODY>
</ENVELOPE>





05/01/2012  09:55:01 AM
Error-->>TallySynchronizer.TallyException: Error communicating with tally server at http:\\192.168.1.36:9000
Response
<ENVELOPE>
<HEADER>
<VERSION>1</VERSION>
<TALLYREQUEST>Import</TALLYREQUEST>
<TYPE>Data</TYPE>
<ID>All Masters</ID>
</HEADER>
<BODY>
<DESC>
<STATICVARIABLES>
<SVCURRENTCOMPANY>CMS</SVCURRENTCOMPANY>
<IMPORTDUPS>@@DupIgnoreCombine</IMPORTDUPS>
</STATICVARIABLES>
</DESC>
<DATA>
<TALLYMESSAGE>
<VOUCHER DATE="20120104" TAGNAME = "Reference" TAGVALUE="135PAY" Action="Alter">
<DATE>20120104</DATE>
<NARRATION>[135PAY][151] ToWards : S</NARRATION>
<VOUCHERTYPENAME>Receipt</VOUCHERTYPENAME>
<VOUCHERNUMBER>135PAY</VOUCHERNUMBER>
<REFERENCE>135PAY</REFERENCE>
<ALLLEDGERENTRIES.LIST>
<LEDGERNAME>Member Control Account(MCA)</LEDGERNAME>
<ISDEEMEDPOSITIVE>No</ISDEEMEDPOSITIVE>
<AMOUNT>4500</AMOUNT>
</ALLLEDGERENTRIES.LIST>
<ALLLEDGERENTRIES.LIST>
<LEDGERNAME>CASH ACOUNT(CSH)</LEDGERNAME>
<ISDEEMEDPOSITIVE>Yes</ISDEEMEDPOSITIVE>
<AMOUNT>-4500</AMOUNT>
</ALLLEDGERENTRIES.LIST>

</VOUCHER>
</TALLYMESSAGE>
</DATA>
</BODY>
</ENVELOPE>
   at TallySynchronizer.Tally.UpdateTally(Tally_Entry TallyEntry, Tally_EntryDetails[] TallyEntryDetails, SyncType Type, Int16 RetryCount) in D:\TEST\TallySynchronizer\TallyManager.cs:line 541
   at TallySynchronizer.Tally.UpdateTally(Tally_Entry TallyEntry, Tally_EntryDetails[] TallyEntryDetails, SyncType Type) in D:\TEST\TallySynchronizer\TallyManager.cs:line 305
   at TallySynchronizer.Tally.ExportOffLineTransactions() in D:\TEST\TallySynchronizer\TallyManager.cs:line 188
		


05/01/2012  09:56:24 AM
Error-->>TallySynchronizer.TallyException: Ledger Not Found
		

Request 
<ENVELOPE>
<HEADER>
<VERSION>1</VERSION>
<TALLYREQUEST>Import</TALLYREQUEST>
<TYPE>Data</TYPE>
<ID>All Masters</ID>
</HEADER>
<BODY>
<DESC>
<STATICVARIABLES>
<SVCURRENTCOMPANY>CMS</SVCURRENTCOMPANY>
<IMPORTDUPS>@@DupIgnoreCombine</IMPORTDUPS>
</STATICVARIABLES>
</DESC>
<DATA>
<TALLYMESSAGE>
<VOUCHER DATE="20120104" TAGNAME = "Reference" TAGVALUE="135PAY" Action="Alter">
<DATE>20120104</DATE>
<NARRATION>[135PAY][151] ToWards : S</NARRATION>
<VOUCHERTYPENAME>Receipt</VOUCHERTYPENAME>
<VOUCHERNUMBER>135PAY</VOUCHERNUMBER>
<REFERENCE>135PAY</REFERENCE>
<ALLLEDGERENTRIES.LIST>
<LEDGERNAME>Member Control Account(MCA)</LEDGERNAME>
<ISDEEMEDPOSITIVE>No</ISDEEMEDPOSITIVE>
<AMOUNT>4500</AMOUNT>
</ALLLEDGERENTRIES.LIST>
<ALLLEDGERENTRIES.LIST>
<LEDGERNAME>CASH ACOUNT(CSH)</LEDGERNAME>
<ISDEEMEDPOSITIVE>Yes</ISDEEMEDPOSITIVE>
<AMOUNT>-4500</AMOUNT>
</ALLLEDGERENTRIES.LIST>

</VOUCHER>
</TALLYMESSAGE>
</DATA>
</BODY>
</ENVELOPE>

Response 
<ENVELOPE>
 <HEADER>
  <VERSION>1</VERSION>
  <STATUS>0</STATUS>
 </HEADER>
 <BODY>
  <DATA>
   <LINEERROR>Ledger &apos;CASH ACOUNT(CSH)&apos; does not exist!</LINEERROR>
   <CREATED>0</CREATED>
   <ALTERED>0</ALTERED>
   <LASTVCHID>0</LASTVCHID>
   <LASTMID>0</LASTMID>
   <COMBINED>0</COMBINED>
   <IGNORED>0</IGNORED>
   <ERRORS>1</ERRORS>
  </DATA>
  <DESC>
   <CMPINFO>
    <COMPANY>0</COMPANY>
    <GROUP>0</GROUP>
    <LEDGER>0</LEDGER>
    <COSTCATEGORY>0</COSTCATEGORY>
    <COSTCENTRE>0</COSTCENTRE>
    <GODOWN>0</GODOWN>
    <STOCKGROUP>0</STOCKGROUP>
    <STOCKCATEGORY>0</STOCKCATEGORY>
    <STOCKITEM>0</STOCKITEM>
    <VOUCHERTYPE>0</VOUCHERTYPE>
    <CURRENCY>0</CURRENCY>
    <UNIT>0</UNIT>
    <BUDGET>0</BUDGET>
    <CLIENTRULE>0</CLIENTRULE>
    <SERVERRULE>0</SERVERRULE>
    <STATE>0</STATE>
    <TDSRATE>0</TDSRATE>
    <TAXCLASSIFICATION>0</TAXCLASSIFICATION>
    <STCATEGORY>0</STCATEGORY>
    <DEDUCTEETYPE>0</DEDUCTEETYPE>
    <ATTENDANCETYPE>0</ATTENDANCETYPE>
    <FBTCATEGORY>0</FBTCATEGORY>
    <FBTASSESSEETYPE>0</FBTASSESSEETYPE>
    <TARIFFCLASSIFICATION>0</TARIFFCLASSIFICATION>
    <EXCISEDUTYCLASSIFICATION>0</EXCISEDUTYCLASSIFICATION>
    <SERIALNUMBER>0</SERIALNUMBER>
    <ADJUSTMENTCLASSIFICATION>0</ADJUSTMENTCLASSIFICATION>
    <INCOMETAXSLAB>0</INCOMETAXSLAB>
    <INCOMETAXCLASSIFICATION>0</INCOMETAXCLASSIFICATION>
    <VOUCHER>0</VOUCHER>
   </CMPINFO>
  </DESC>
 </BODY>
</ENVELOPE>



05/01/2012  09:56:49 AM
Error-->>TallySynchronizer.TallyException: <ENVELOPE>
 <HEADER>
  <VERSION>1</VERSION>
  <STATUS>1</STATUS>
 </HEADER>
 <BODY>
  <DATA>
   <IMPORTRESULT>
    <CREATED>0</CREATED>
    <ALTERED>1</ALTERED>
    <LASTVCHID>0</LASTVCHID>
    <LASTMID>0</LASTMID>
    <COMBINED>0</COMBINED>
    <IGNORED>0</IGNORED>
    <ERRORS>0</ERRORS>
   </IMPORTRESULT>
  </DATA>
  <DESC>
   <CMPINFO>
    <COMPANY>0</COMPANY>
    <GROUP>0</GROUP>
    <LEDGER>1</LEDGER>
    <COSTCATEGORY>0</COSTCATEGORY>
    <COSTCENTRE>0</COSTCENTRE>
    <GODOWN>0</GODOWN>
    <STOCKGROUP>0</STOCKGROUP>
    <STOCKCATEGORY>0</STOCKCATEGORY>
    <STOCKITEM>0</STOCKITEM>
    <VOUCHERTYPE>0</VOUCHERTYPE>
    <CURRENCY>0</CURRENCY>
    <UNIT>0</UNIT>
    <BUDGET>0</BUDGET>
    <CLIENTRULE>0</CLIENTRULE>
    <SERVERRULE>0</SERVERRULE>
    <STATE>0</STATE>
    <TDSRATE>0</TDSRATE>
    <TAXCLASSIFICATION>0</TAXCLASSIFICATION>
    <STCATEGORY>0</STCATEGORY>
    <DEDUCTEETYPE>0</DEDUCTEETYPE>
    <ATTENDANCETYPE>0</ATTENDANCETYPE>
    <FBTCATEGORY>0</FBTCATEGORY>
    <FBTASSESSEETYPE>0</FBTASSESSEETYPE>
    <TARIFFCLASSIFICATION>0</TARIFFCLASSIFICATION>
    <EXCISEDUTYCLASSIFICATION>0</EXCISEDUTYCLASSIFICATION>
    <SERIALNUMBER>0</SERIALNUMBER>
    <ADJUSTMENTCLASSIFICATION>0</ADJUSTMENTCLASSIFICATION>
    <INCOMETAXSLAB>0</INCOMETAXSLAB>
    <INCOMETAXCLASSIFICATION>0</INCOMETAXCLASSIFICATION>
    <VOUCHER>0</VOUCHER>
   </CMPINFO>
  </DESC>
 </BODY>
</ENVELOPE>

Response
<ENVELOPE><HEADER><VERSION>1</VERSION><TALLYREQUEST>Import</TALLYREQUEST><TYPE>Data</TYPE><ID>All Masters</ID></HEADER><BODY><DESC><STATICVARIABLES><SVCURRENTCOMPANY>CMS</SVCURRENTCOMPANY><IMPORTDUPS>@@DupIgnoreCombine</IMPORTDUPS></STATICVARIABLES></DESC><DATA><TALLYMESSAGE><LEDGER NAME="Member Control Account"><PARENT>Sundry Debtors</PARENT><LANGUAGENAME.LIST><NAME.LIST TYPE="String"><NAME>Member Control Account</NAME><NAME>Member Control Account(MCA)</NAME></NAME.LIST></LANGUAGENAME.LIST></LEDGER></TALLYMESSAGE></DATA></BODY></ENVELOPE>
		Ledger Name : Member Control Account
Alias Name : Member Control Account(MCA)

 Request XML 
<ENVELOPE><HEADER><VERSION>1</VERSION><TALLYREQUEST>Import</TALLYREQUEST><TYPE>Data</TYPE><ID>All Masters</ID></HEADER><BODY><DESC><STATICVARIABLES><SVCURRENTCOMPANY>CMS</SVCURRENTCOMPANY><IMPORTDUPS>@@DupIgnoreCombine</IMPORTDUPS></STATICVARIABLES></DESC><DATA><TALLYMESSAGE><LEDGER NAME="Member Control Account"><PARENT>Sundry Debtors</PARENT><LANGUAGENAME.LIST><NAME.LIST TYPE="String"><NAME>Member Control Account</NAME><NAME>Member Control Account(MCA)</NAME></NAME.LIST></LANGUAGENAME.LIST></LEDGER></TALLYMESSAGE></DATA></BODY></ENVELOPE>

 Response XML 
<ENVELOPE>
 <HEADER>
  <VERSION>1</VERSION>
  <STATUS>1</STATUS>
 </HEADER>
 <BODY>
  <DATA>
   <IMPORTRESULT>
    <CREATED>0</CREATED>
    <ALTERED>1</ALTERED>
    <LASTVCHID>0</LASTVCHID>
    <LASTMID>0</LASTMID>
    <COMBINED>0</COMBINED>
    <IGNORED>0</IGNORED>
    <ERRORS>0</ERRORS>
   </IMPORTRESULT>
  </DATA>
  <DESC>
   <CMPINFO>
    <COMPANY>0</COMPANY>
    <GROUP>0</GROUP>
    <LEDGER>1</LEDGER>
    <COSTCATEGORY>0</COSTCATEGORY>
    <COSTCENTRE>0</COSTCENTRE>
    <GODOWN>0</GODOWN>
    <STOCKGROUP>0</STOCKGROUP>
    <STOCKCATEGORY>0</STOCKCATEGORY>
    <STOCKITEM>0</STOCKITEM>
    <VOUCHERTYPE>0</VOUCHERTYPE>
    <CURRENCY>0</CURRENCY>
    <UNIT>0</UNIT>
    <BUDGET>0</BUDGET>
    <CLIENTRULE>0</CLIENTRULE>
    <SERVERRULE>0</SERVERRULE>
    <STATE>0</STATE>
    <TDSRATE>0</TDSRATE>
    <TAXCLASSIFICATION>0</TAXCLASSIFICATION>
    <STCATEGORY>0</STCATEGORY>
    <DEDUCTEETYPE>0</DEDUCTEETYPE>
    <ATTENDANCETYPE>0</ATTENDANCETYPE>
    <FBTCATEGORY>0</FBTCATEGORY>
    <FBTASSESSEETYPE>0</FBTASSESSEETYPE>
    <TARIFFCLASSIFICATION>0</TARIFFCLASSIFICATION>
    <EXCISEDUTYCLASSIFICATION>0</EXCISEDUTYCLASSIFICATION>
    <SERIALNUMBER>0</SERIALNUMBER>
    <ADJUSTMENTCLASSIFICATION>0</ADJUSTMENTCLASSIFICATION>
    <INCOMETAXSLAB>0</INCOMETAXSLAB>
    <INCOMETAXCLASSIFICATION>0</INCOMETAXCLASSIFICATION>
    <VOUCHER>0</VOUCHER>
   </CMPINFO>
  </DESC>
 </BODY>
</ENVELOPE>





05/01/2012  09:56:57 AM
Error-->>TallySynchronizer.TallyException: System.ArgumentException: Object of type 'System.Int32' cannot be converted to type 'System.String'.
   at IRCAKernel.IRCASQLConnection.getResultSet(Type resultType, String Query) in D:\TEST\IRCAKernel\IRCADBConnection.cs:line 186
   at Tally.DataProvider.GetmChargeAccountCategory(String ID) in D:\TEST\TallySynchronizer\DataProvider.cs:line 313
   at TallySynchronizer.Tally.CreateLedgersForEntires(Tally_EntryDetails[] TallyEntryDetails) in D:\TEST\TallySynchronizer\TallyManager.cs:line 608
   at TallySynchronizer.Tally.UpdateTally(Tally_Entry TallyEntry, Tally_EntryDetails[] TallyEntryDetails, SyncType Type, Int16 RetryCount) in D:\TEST\TallySynchronizer\TallyManager.cs:line 509
   at TallySynchronizer.Tally.UpdateTally(Tally_Entry TallyEntry, Tally_EntryDetails[] TallyEntryDetails, SyncType Type, Int16 RetryCount) in D:\TEST\TallySynchronizer\TallyManager.cs:line 557
   at TallySynchronizer.Tally.UpdateTally(Tally_Entry TallyEntry, Tally_EntryDetails[] TallyEntryDetails, SyncType Type) in D:\TEST\TallySynchronizer\TallyManager.cs:line 305
   at TallySynchronizer.Tally.ExportOffLineTransactions() in D:\TEST\TallySynchronizer\TallyManager.cs:line 188
		


05/01/2012  09:57:06 AM
Error-->>TallySynchronizer.TallyException: Ledger Not Found
		

Request 
<ENVELOPE>
<HEADER>
<VERSION>1</VERSION>
<TALLYREQUEST>Import</TALLYREQUEST>
<TYPE>Data</TYPE>
<ID>All Masters</ID>
</HEADER>
<BODY>
<DESC>
<STATICVARIABLES>
<SVCURRENTCOMPANY>CMS</SVCURRENTCOMPANY>
<IMPORTDUPS>@@DupIgnoreCombine</IMPORTDUPS>
</STATICVARIABLES>
</DESC>
<DATA>
<TALLYMESSAGE>
<VOUCHER DATE="20120104" TAGNAME = "Reference" TAGVALUE="135PAY" Action="Alter">
<DATE>20120104</DATE>
<NARRATION>[135PAY][151] ToWards : S</NARRATION>
<VOUCHERTYPENAME>Receipt</VOUCHERTYPENAME>
<VOUCHERNUMBER>135PAY</VOUCHERNUMBER>
<REFERENCE>135PAY</REFERENCE>
<ALLLEDGERENTRIES.LIST>
<LEDGERNAME>Member Control Account(MCA)</LEDGERNAME>
<ISDEEMEDPOSITIVE>No</ISDEEMEDPOSITIVE>
<AMOUNT>4500</AMOUNT>
</ALLLEDGERENTRIES.LIST>
<ALLLEDGERENTRIES.LIST>
<LEDGERNAME>CASH ACOUNT(CSH)</LEDGERNAME>
<ISDEEMEDPOSITIVE>Yes</ISDEEMEDPOSITIVE>
<AMOUNT>-4500</AMOUNT>
</ALLLEDGERENTRIES.LIST>

</VOUCHER>
</TALLYMESSAGE>
</DATA>
</BODY>
</ENVELOPE>

Response 
<ENVELOPE>
 <HEADER>
  <VERSION>1</VERSION>
  <STATUS>0</STATUS>
 </HEADER>
 <BODY>
  <DATA>
   <LINEERROR>Ledger &apos;CASH ACOUNT(CSH)&apos; does not exist!</LINEERROR>
   <CREATED>0</CREATED>
   <ALTERED>0</ALTERED>
   <LASTVCHID>0</LASTVCHID>
   <LASTMID>0</LASTMID>
   <COMBINED>0</COMBINED>
   <IGNORED>0</IGNORED>
   <ERRORS>1</ERRORS>
  </DATA>
  <DESC>
   <CMPINFO>
    <COMPANY>0</COMPANY>
    <GROUP>0</GROUP>
    <LEDGER>1</LEDGER>
    <COSTCATEGORY>0</COSTCATEGORY>
    <COSTCENTRE>0</COSTCENTRE>
    <GODOWN>0</GODOWN>
    <STOCKGROUP>0</STOCKGROUP>
    <STOCKCATEGORY>0</STOCKCATEGORY>
    <STOCKITEM>0</STOCKITEM>
    <VOUCHERTYPE>0</VOUCHERTYPE>
    <CURRENCY>0</CURRENCY>
    <UNIT>0</UNIT>
    <BUDGET>0</BUDGET>
    <CLIENTRULE>0</CLIENTRULE>
    <SERVERRULE>0</SERVERRULE>
    <STATE>0</STATE>
    <TDSRATE>0</TDSRATE>
    <TAXCLASSIFICATION>0</TAXCLASSIFICATION>
    <STCATEGORY>0</STCATEGORY>
    <DEDUCTEETYPE>0</DEDUCTEETYPE>
    <ATTENDANCETYPE>0</ATTENDANCETYPE>
    <FBTCATEGORY>0</FBTCATEGORY>
    <FBTASSESSEETYPE>0</FBTASSESSEETYPE>
    <TARIFFCLASSIFICATION>0</TARIFFCLASSIFICATION>
    <EXCISEDUTYCLASSIFICATION>0</EXCISEDUTYCLASSIFICATION>
    <SERIALNUMBER>0</SERIALNUMBER>
    <ADJUSTMENTCLASSIFICATION>0</ADJUSTMENTCLASSIFICATION>
    <INCOMETAXSLAB>0</INCOMETAXSLAB>
    <INCOMETAXCLASSIFICATION>0</INCOMETAXCLASSIFICATION>
    <VOUCHER>0</VOUCHER>
   </CMPINFO>
  </DESC>
 </BODY>
</ENVELOPE>



05/01/2012  09:57:07 AM
Error-->>TallySynchronizer.TallyException: <ENVELOPE>
 <HEADER>
  <VERSION>1</VERSION>
  <STATUS>1</STATUS>
 </HEADER>
 <BODY>
  <DATA>
   <IMPORTRESULT>
    <CREATED>0</CREATED>
    <ALTERED>1</ALTERED>
    <LASTVCHID>0</LASTVCHID>
    <LASTMID>0</LASTMID>
    <COMBINED>0</COMBINED>
    <IGNORED>0</IGNORED>
    <ERRORS>0</ERRORS>
   </IMPORTRESULT>
  </DATA>
  <DESC>
   <CMPINFO>
    <COMPANY>0</COMPANY>
    <GROUP>0</GROUP>
    <LEDGER>2</LEDGER>
    <COSTCATEGORY>0</COSTCATEGORY>
    <COSTCENTRE>0</COSTCENTRE>
    <GODOWN>0</GODOWN>
    <STOCKGROUP>0</STOCKGROUP>
    <STOCKCATEGORY>0</STOCKCATEGORY>
    <STOCKITEM>0</STOCKITEM>
    <VOUCHERTYPE>0</VOUCHERTYPE>
    <CURRENCY>0</CURRENCY>
    <UNIT>0</UNIT>
    <BUDGET>0</BUDGET>
    <CLIENTRULE>0</CLIENTRULE>
    <SERVERRULE>0</SERVERRULE>
    <STATE>0</STATE>
    <TDSRATE>0</TDSRATE>
    <TAXCLASSIFICATION>0</TAXCLASSIFICATION>
    <STCATEGORY>0</STCATEGORY>
    <DEDUCTEETYPE>0</DEDUCTEETYPE>
    <ATTENDANCETYPE>0</ATTENDANCETYPE>
    <FBTCATEGORY>0</FBTCATEGORY>
    <FBTASSESSEETYPE>0</FBTASSESSEETYPE>
    <TARIFFCLASSIFICATION>0</TARIFFCLASSIFICATION>
    <EXCISEDUTYCLASSIFICATION>0</EXCISEDUTYCLASSIFICATION>
    <SERIALNUMBER>0</SERIALNUMBER>
    <ADJUSTMENTCLASSIFICATION>0</ADJUSTMENTCLASSIFICATION>
    <INCOMETAXSLAB>0</INCOMETAXSLAB>
    <INCOMETAXCLASSIFICATION>0</INCOMETAXCLASSIFICATION>
    <VOUCHER>0</VOUCHER>
   </CMPINFO>
  </DESC>
 </BODY>
</ENVELOPE>

Response
<ENVELOPE><HEADER><VERSION>1</VERSION><TALLYREQUEST>Import</TALLYREQUEST><TYPE>Data</TYPE><ID>All Masters</ID></HEADER><BODY><DESC><STATICVARIABLES><SVCURRENTCOMPANY>CMS</SVCURRENTCOMPANY><IMPORTDUPS>@@DupIgnoreCombine</IMPORTDUPS></STATICVARIABLES></DESC><DATA><TALLYMESSAGE><LEDGER NAME="Member Control Account"><PARENT>Sundry Debtors</PARENT><LANGUAGENAME.LIST><NAME.LIST TYPE="String"><NAME>Member Control Account</NAME><NAME>Member Control Account(MCA)</NAME></NAME.LIST></LANGUAGENAME.LIST></LEDGER></TALLYMESSAGE></DATA></BODY></ENVELOPE>
		Ledger Name : Member Control Account
Alias Name : Member Control Account(MCA)

 Request XML 
<ENVELOPE><HEADER><VERSION>1</VERSION><TALLYREQUEST>Import</TALLYREQUEST><TYPE>Data</TYPE><ID>All Masters</ID></HEADER><BODY><DESC><STATICVARIABLES><SVCURRENTCOMPANY>CMS</SVCURRENTCOMPANY><IMPORTDUPS>@@DupIgnoreCombine</IMPORTDUPS></STATICVARIABLES></DESC><DATA><TALLYMESSAGE><LEDGER NAME="Member Control Account"><PARENT>Sundry Debtors</PARENT><LANGUAGENAME.LIST><NAME.LIST TYPE="String"><NAME>Member Control Account</NAME><NAME>Member Control Account(MCA)</NAME></NAME.LIST></LANGUAGENAME.LIST></LEDGER></TALLYMESSAGE></DATA></BODY></ENVELOPE>

 Response XML 
<ENVELOPE>
 <HEADER>
  <VERSION>1</VERSION>
  <STATUS>1</STATUS>
 </HEADER>
 <BODY>
  <DATA>
   <IMPORTRESULT>
    <CREATED>0</CREATED>
    <ALTERED>1</ALTERED>
    <LASTVCHID>0</LASTVCHID>
    <LASTMID>0</LASTMID>
    <COMBINED>0</COMBINED>
    <IGNORED>0</IGNORED>
    <ERRORS>0</ERRORS>
   </IMPORTRESULT>
  </DATA>
  <DESC>
   <CMPINFO>
    <COMPANY>0</COMPANY>
    <GROUP>0</GROUP>
    <LEDGER>2</LEDGER>
    <COSTCATEGORY>0</COSTCATEGORY>
    <COSTCENTRE>0</COSTCENTRE>
    <GODOWN>0</GODOWN>
    <STOCKGROUP>0</STOCKGROUP>
    <STOCKCATEGORY>0</STOCKCATEGORY>
    <STOCKITEM>0</STOCKITEM>
    <VOUCHERTYPE>0</VOUCHERTYPE>
    <CURRENCY>0</CURRENCY>
    <UNIT>0</UNIT>
    <BUDGET>0</BUDGET>
    <CLIENTRULE>0</CLIENTRULE>
    <SERVERRULE>0</SERVERRULE>
    <STATE>0</STATE>
    <TDSRATE>0</TDSRATE>
    <TAXCLASSIFICATION>0</TAXCLASSIFICATION>
    <STCATEGORY>0</STCATEGORY>
    <DEDUCTEETYPE>0</DEDUCTEETYPE>
    <ATTENDANCETYPE>0</ATTENDANCETYPE>
    <FBTCATEGORY>0</FBTCATEGORY>
    <FBTASSESSEETYPE>0</FBTASSESSEETYPE>
    <TARIFFCLASSIFICATION>0</TARIFFCLASSIFICATION>
    <EXCISEDUTYCLASSIFICATION>0</EXCISEDUTYCLASSIFICATION>
    <SERIALNUMBER>0</SERIALNUMBER>
    <ADJUSTMENTCLASSIFICATION>0</ADJUSTMENTCLASSIFICATION>
    <INCOMETAXSLAB>0</INCOMETAXSLAB>
    <INCOMETAXCLASSIFICATION>0</INCOMETAXCLASSIFICATION>
    <VOUCHER>0</VOUCHER>
   </CMPINFO>
  </DESC>
 </BODY>
</ENVELOPE>





05/01/2012  09:58:59 AM
Error-->>TallySynchronizer.TallyException: System.ArgumentException: Object of type 'System.Int32' cannot be converted to type 'System.String'.
   at IRCAKernel.IRCASQLConnection.getResultSet(Type resultType, String Query) in D:\TEST\IRCAKernel\IRCADBConnection.cs:line 186
   at Tally.DataProvider.GetmChargeAccountCategory(String ID)
   at TallySynchronizer.Tally.CreateLedgersForEntires(Tally_EntryDetails[] TallyEntryDetails)
   at TallySynchronizer.Tally.UpdateTally(Tally_Entry TallyEntry, Tally_EntryDetails[] TallyEntryDetails, SyncType Type, Int16 RetryCount)
   at TallySynchronizer.Tally.UpdateTally(Tally_Entry TallyEntry, Tally_EntryDetails[] TallyEntryDetails, SyncType Type, Int16 RetryCount)
   at TallySynchronizer.Tally.UpdateTally(Tally_Entry TallyEntry, Tally_EntryDetails[] TallyEntryDetails, SyncType Type)
   at TallySynchronizer.Tally.ExportOffLineTransactions()
		


05/01/2012  09:59:07 AM
Error-->>TallySynchronizer.TallyException: Ledger Not Found
		

Request 
<ENVELOPE>
<HEADER>
<VERSION>1</VERSION>
<TALLYREQUEST>Import</TALLYREQUEST>
<TYPE>Data</TYPE>
<ID>All Masters</ID>
</HEADER>
<BODY>
<DESC>
<STATICVARIABLES>
<SVCURRENTCOMPANY>CMS</SVCURRENTCOMPANY>
<IMPORTDUPS>@@DupIgnoreCombine</IMPORTDUPS>
</STATICVARIABLES>
</DESC>
<DATA>
<TALLYMESSAGE>
<VOUCHER DATE="20120104" TAGNAME = "Reference" TAGVALUE="135PAY" Action="Alter">
<DATE>20120104</DATE>
<NARRATION>[135PAY][151] ToWards : S</NARRATION>
<VOUCHERTYPENAME>Receipt</VOUCHERTYPENAME>
<VOUCHERNUMBER>135PAY</VOUCHERNUMBER>
<REFERENCE>135PAY</REFERENCE>
<ALLLEDGERENTRIES.LIST>
<LEDGERNAME>Member Control Account(MCA)</LEDGERNAME>
<ISDEEMEDPOSITIVE>No</ISDEEMEDPOSITIVE>
<AMOUNT>4500</AMOUNT>
</ALLLEDGERENTRIES.LIST>
<ALLLEDGERENTRIES.LIST>
<LEDGERNAME>CASH ACOUNT(CSH)</LEDGERNAME>
<ISDEEMEDPOSITIVE>Yes</ISDEEMEDPOSITIVE>
<AMOUNT>-4500</AMOUNT>
</ALLLEDGERENTRIES.LIST>

</VOUCHER>
</TALLYMESSAGE>
</DATA>
</BODY>
</ENVELOPE>

Response 
<ENVELOPE>
 <HEADER>
  <VERSION>1</VERSION>
  <STATUS>0</STATUS>
 </HEADER>
 <BODY>
  <DATA>
   <LINEERROR>Ledger &apos;CASH ACOUNT(CSH)&apos; does not exist!</LINEERROR>
   <CREATED>0</CREATED>
   <ALTERED>0</ALTERED>
   <LASTVCHID>0</LASTVCHID>
   <LASTMID>0</LASTMID>
   <COMBINED>0</COMBINED>
   <IGNORED>0</IGNORED>
   <ERRORS>1</ERRORS>
  </DATA>
  <DESC>
   <CMPINFO>
    <COMPANY>0</COMPANY>
    <GROUP>0</GROUP>
    <LEDGER>2</LEDGER>
    <COSTCATEGORY>0</COSTCATEGORY>
    <COSTCENTRE>0</COSTCENTRE>
    <GODOWN>0</GODOWN>
    <STOCKGROUP>0</STOCKGROUP>
    <STOCKCATEGORY>0</STOCKCATEGORY>
    <STOCKITEM>0</STOCKITEM>
    <VOUCHERTYPE>0</VOUCHERTYPE>
    <CURRENCY>0</CURRENCY>
    <UNIT>0</UNIT>
    <BUDGET>0</BUDGET>
    <CLIENTRULE>0</CLIENTRULE>
    <SERVERRULE>0</SERVERRULE>
    <STATE>0</STATE>
    <TDSRATE>0</TDSRATE>
    <TAXCLASSIFICATION>0</TAXCLASSIFICATION>
    <STCATEGORY>0</STCATEGORY>
    <DEDUCTEETYPE>0</DEDUCTEETYPE>
    <ATTENDANCETYPE>0</ATTENDANCETYPE>
    <FBTCATEGORY>0</FBTCATEGORY>
    <FBTASSESSEETYPE>0</FBTASSESSEETYPE>
    <TARIFFCLASSIFICATION>0</TARIFFCLASSIFICATION>
    <EXCISEDUTYCLASSIFICATION>0</EXCISEDUTYCLASSIFICATION>
    <SERIALNUMBER>0</SERIALNUMBER>
    <ADJUSTMENTCLASSIFICATION>0</ADJUSTMENTCLASSIFICATION>
    <INCOMETAXSLAB>0</INCOMETAXSLAB>
    <INCOMETAXCLASSIFICATION>0</INCOMETAXCLASSIFICATION>
    <VOUCHER>0</VOUCHER>
   </CMPINFO>
  </DESC>
 </BODY>
</ENVELOPE>



05/01/2012  09:59:08 AM
Error-->>TallySynchronizer.TallyException: <ENVELOPE>
 <HEADER>
  <VERSION>1</VERSION>
  <STATUS>1</STATUS>
 </HEADER>
 <BODY>
  <DATA>
   <IMPORTRESULT>
    <CREATED>0</CREATED>
    <ALTERED>1</ALTERED>
    <LASTVCHID>0</LASTVCHID>
    <LASTMID>0</LASTMID>
    <COMBINED>0</COMBINED>
    <IGNORED>0</IGNORED>
    <ERRORS>0</ERRORS>
   </IMPORTRESULT>
  </DATA>
  <DESC>
   <CMPINFO>
    <COMPANY>0</COMPANY>
    <GROUP>0</GROUP>
    <LEDGER>3</LEDGER>
    <COSTCATEGORY>0</COSTCATEGORY>
    <COSTCENTRE>0</COSTCENTRE>
    <GODOWN>0</GODOWN>
    <STOCKGROUP>0</STOCKGROUP>
    <STOCKCATEGORY>0</STOCKCATEGORY>
    <STOCKITEM>0</STOCKITEM>
    <VOUCHERTYPE>0</VOUCHERTYPE>
    <CURRENCY>0</CURRENCY>
    <UNIT>0</UNIT>
    <BUDGET>0</BUDGET>
    <CLIENTRULE>0</CLIENTRULE>
    <SERVERRULE>0</SERVERRULE>
    <STATE>0</STATE>
    <TDSRATE>0</TDSRATE>
    <TAXCLASSIFICATION>0</TAXCLASSIFICATION>
    <STCATEGORY>0</STCATEGORY>
    <DEDUCTEETYPE>0</DEDUCTEETYPE>
    <ATTENDANCETYPE>0</ATTENDANCETYPE>
    <FBTCATEGORY>0</FBTCATEGORY>
    <FBTASSESSEETYPE>0</FBTASSESSEETYPE>
    <TARIFFCLASSIFICATION>0</TARIFFCLASSIFICATION>
    <EXCISEDUTYCLASSIFICATION>0</EXCISEDUTYCLASSIFICATION>
    <SERIALNUMBER>0</SERIALNUMBER>
    <ADJUSTMENTCLASSIFICATION>0</ADJUSTMENTCLASSIFICATION>
    <INCOMETAXSLAB>0</INCOMETAXSLAB>
    <INCOMETAXCLASSIFICATION>0</INCOMETAXCLASSIFICATION>
    <VOUCHER>0</VOUCHER>
   </CMPINFO>
  </DESC>
 </BODY>
</ENVELOPE>

Response
<ENVELOPE><HEADER><VERSION>1</VERSION><TALLYREQUEST>Import</TALLYREQUEST><TYPE>Data</TYPE><ID>All Masters</ID></HEADER><BODY><DESC><STATICVARIABLES><SVCURRENTCOMPANY>CMS</SVCURRENTCOMPANY><IMPORTDUPS>@@DupIgnoreCombine</IMPORTDUPS></STATICVARIABLES></DESC><DATA><TALLYMESSAGE><LEDGER NAME="Member Control Account"><PARENT>Sundry Debtors</PARENT><LANGUAGENAME.LIST><NAME.LIST TYPE="String"><NAME>Member Control Account</NAME><NAME>Member Control Account(MCA)</NAME></NAME.LIST></LANGUAGENAME.LIST></LEDGER></TALLYMESSAGE></DATA></BODY></ENVELOPE>
		Ledger Name : Member Control Account
Alias Name : Member Control Account(MCA)

 Request XML 
<ENVELOPE><HEADER><VERSION>1</VERSION><TALLYREQUEST>Import</TALLYREQUEST><TYPE>Data</TYPE><ID>All Masters</ID></HEADER><BODY><DESC><STATICVARIABLES><SVCURRENTCOMPANY>CMS</SVCURRENTCOMPANY><IMPORTDUPS>@@DupIgnoreCombine</IMPORTDUPS></STATICVARIABLES></DESC><DATA><TALLYMESSAGE><LEDGER NAME="Member Control Account"><PARENT>Sundry Debtors</PARENT><LANGUAGENAME.LIST><NAME.LIST TYPE="String"><NAME>Member Control Account</NAME><NAME>Member Control Account(MCA)</NAME></NAME.LIST></LANGUAGENAME.LIST></LEDGER></TALLYMESSAGE></DATA></BODY></ENVELOPE>

 Response XML 
<ENVELOPE>
 <HEADER>
  <VERSION>1</VERSION>
  <STATUS>1</STATUS>
 </HEADER>
 <BODY>
  <DATA>
   <IMPORTRESULT>
    <CREATED>0</CREATED>
    <ALTERED>1</ALTERED>
    <LASTVCHID>0</LASTVCHID>
    <LASTMID>0</LASTMID>
    <COMBINED>0</COMBINED>
    <IGNORED>0</IGNORED>
    <ERRORS>0</ERRORS>
   </IMPORTRESULT>
  </DATA>
  <DESC>
   <CMPINFO>
    <COMPANY>0</COMPANY>
    <GROUP>0</GROUP>
    <LEDGER>3</LEDGER>
    <COSTCATEGORY>0</COSTCATEGORY>
    <COSTCENTRE>0</COSTCENTRE>
    <GODOWN>0</GODOWN>
    <STOCKGROUP>0</STOCKGROUP>
    <STOCKCATEGORY>0</STOCKCATEGORY>
    <STOCKITEM>0</STOCKITEM>
    <VOUCHERTYPE>0</VOUCHERTYPE>
    <CURRENCY>0</CURRENCY>
    <UNIT>0</UNIT>
    <BUDGET>0</BUDGET>
    <CLIENTRULE>0</CLIENTRULE>
    <SERVERRULE>0</SERVERRULE>
    <STATE>0</STATE>
    <TDSRATE>0</TDSRATE>
    <TAXCLASSIFICATION>0</TAXCLASSIFICATION>
    <STCATEGORY>0</STCATEGORY>
    <DEDUCTEETYPE>0</DEDUCTEETYPE>
    <ATTENDANCETYPE>0</ATTENDANCETYPE>
    <FBTCATEGORY>0</FBTCATEGORY>
    <FBTASSESSEETYPE>0</FBTASSESSEETYPE>
    <TARIFFCLASSIFICATION>0</TARIFFCLASSIFICATION>
    <EXCISEDUTYCLASSIFICATION>0</EXCISEDUTYCLASSIFICATION>
    <SERIALNUMBER>0</SERIALNUMBER>
    <ADJUSTMENTCLASSIFICATION>0</ADJUSTMENTCLASSIFICATION>
    <INCOMETAXSLAB>0</INCOMETAXSLAB>
    <INCOMETAXCLASSIFICATION>0</INCOMETAXCLASSIFICATION>
    <VOUCHER>0</VOUCHER>
   </CMPINFO>
  </DESC>
 </BODY>
</ENVELOPE>





05/01/2012  09:59:14 AM
Error-->>TallySynchronizer.TallyException: System.ArgumentNullException: Value cannot be null.
Parameter name: key
   at System.ThrowHelper.ThrowArgumentNullException(ExceptionArgument argument)
   at System.Collections.Generic.Dictionary`2.FindEntry(TKey key)
   at System.Collections.Generic.Dictionary`2.ContainsKey(TKey key)
   at Tally.DataProvider.GetmChargeAccountCategory(String ID)
   at TallySynchronizer.Tally.CreateLedgersForEntires(Tally_EntryDetails[] TallyEntryDetails)
   at TallySynchronizer.Tally.UpdateTally(Tally_Entry TallyEntry, Tally_EntryDetails[] TallyEntryDetails, SyncType Type, Int16 RetryCount)
   at TallySynchronizer.Tally.UpdateTally(Tally_Entry TallyEntry, Tally_EntryDetails[] TallyEntryDetails, SyncType Type, Int16 RetryCount)
   at TallySynchronizer.Tally.UpdateTally(Tally_Entry TallyEntry, Tally_EntryDetails[] TallyEntryDetails, SyncType Type)
   at TallySynchronizer.Tally.ExportOffLineTransactions()
		


05/01/2012  09:59:32 AM
Error-->>TallySynchronizer.TallyException: Ledger Not Found
		

Request 
<ENVELOPE>
<HEADER>
<VERSION>1</VERSION>
<TALLYREQUEST>Import</TALLYREQUEST>
<TYPE>Data</TYPE>
<ID>All Masters</ID>
</HEADER>
<BODY>
<DESC>
<STATICVARIABLES>
<SVCURRENTCOMPANY>CMS</SVCURRENTCOMPANY>
<IMPORTDUPS>@@DupIgnoreCombine</IMPORTDUPS>
</STATICVARIABLES>
</DESC>
<DATA>
<TALLYMESSAGE>
<VOUCHER DATE="20120104" TAGNAME = "Reference" TAGVALUE="135PAY" Action="Alter">
<DATE>20120104</DATE>
<NARRATION>[135PAY][151] ToWards : S</NARRATION>
<VOUCHERTYPENAME>Receipt</VOUCHERTYPENAME>
<VOUCHERNUMBER>135PAY</VOUCHERNUMBER>
<REFERENCE>135PAY</REFERENCE>
<ALLLEDGERENTRIES.LIST>
<LEDGERNAME>Member Control Account(MCA)</LEDGERNAME>
<ISDEEMEDPOSITIVE>No</ISDEEMEDPOSITIVE>
<AMOUNT>4500</AMOUNT>
</ALLLEDGERENTRIES.LIST>
<ALLLEDGERENTRIES.LIST>
<LEDGERNAME>CASH ACOUNT(CSH)</LEDGERNAME>
<ISDEEMEDPOSITIVE>Yes</ISDEEMEDPOSITIVE>
<AMOUNT>-4500</AMOUNT>
</ALLLEDGERENTRIES.LIST>

</VOUCHER>
</TALLYMESSAGE>
</DATA>
</BODY>
</ENVELOPE>

Response 
<ENVELOPE>
 <HEADER>
  <VERSION>1</VERSION>
  <STATUS>0</STATUS>
 </HEADER>
 <BODY>
  <DATA>
   <LINEERROR>Ledger &apos;CASH ACOUNT(CSH)&apos; does not exist!</LINEERROR>
   <CREATED>0</CREATED>
   <ALTERED>0</ALTERED>
   <LASTVCHID>0</LASTVCHID>
   <LASTMID>0</LASTMID>
   <COMBINED>0</COMBINED>
   <IGNORED>0</IGNORED>
   <ERRORS>1</ERRORS>
  </DATA>
  <DESC>
   <CMPINFO>
    <COMPANY>0</COMPANY>
    <GROUP>0</GROUP>
    <LEDGER>3</LEDGER>
    <COSTCATEGORY>0</COSTCATEGORY>
    <COSTCENTRE>0</COSTCENTRE>
    <GODOWN>0</GODOWN>
    <STOCKGROUP>0</STOCKGROUP>
    <STOCKCATEGORY>0</STOCKCATEGORY>
    <STOCKITEM>0</STOCKITEM>
    <VOUCHERTYPE>0</VOUCHERTYPE>
    <CURRENCY>0</CURRENCY>
    <UNIT>0</UNIT>
    <BUDGET>0</BUDGET>
    <CLIENTRULE>0</CLIENTRULE>
    <SERVERRULE>0</SERVERRULE>
    <STATE>0</STATE>
    <TDSRATE>0</TDSRATE>
    <TAXCLASSIFICATION>0</TAXCLASSIFICATION>
    <STCATEGORY>0</STCATEGORY>
    <DEDUCTEETYPE>0</DEDUCTEETYPE>
    <ATTENDANCETYPE>0</ATTENDANCETYPE>
    <FBTCATEGORY>0</FBTCATEGORY>
    <FBTASSESSEETYPE>0</FBTASSESSEETYPE>
    <TARIFFCLASSIFICATION>0</TARIFFCLASSIFICATION>
    <EXCISEDUTYCLASSIFICATION>0</EXCISEDUTYCLASSIFICATION>
    <SERIALNUMBER>0</SERIALNUMBER>
    <ADJUSTMENTCLASSIFICATION>0</ADJUSTMENTCLASSIFICATION>
    <INCOMETAXSLAB>0</INCOMETAXSLAB>
    <INCOMETAXCLASSIFICATION>0</INCOMETAXCLASSIFICATION>
    <VOUCHER>0</VOUCHER>
   </CMPINFO>
  </DESC>
 </BODY>
</ENVELOPE>



05/01/2012  09:59:33 AM
Error-->>TallySynchronizer.TallyException: <ENVELOPE>
 <HEADER>
  <VERSION>1</VERSION>
  <STATUS>1</STATUS>
 </HEADER>
 <BODY>
  <DATA>
   <IMPORTRESULT>
    <CREATED>0</CREATED>
    <ALTERED>1</ALTERED>
    <LASTVCHID>0</LASTVCHID>
    <LASTMID>0</LASTMID>
    <COMBINED>0</COMBINED>
    <IGNORED>0</IGNORED>
    <ERRORS>0</ERRORS>
   </IMPORTRESULT>
  </DATA>
  <DESC>
   <CMPINFO>
    <COMPANY>0</COMPANY>
    <GROUP>0</GROUP>
    <LEDGER>4</LEDGER>
    <COSTCATEGORY>0</COSTCATEGORY>
    <COSTCENTRE>0</COSTCENTRE>
    <GODOWN>0</GODOWN>
    <STOCKGROUP>0</STOCKGROUP>
    <STOCKCATEGORY>0</STOCKCATEGORY>
    <STOCKITEM>0</STOCKITEM>
    <VOUCHERTYPE>0</VOUCHERTYPE>
    <CURRENCY>0</CURRENCY>
    <UNIT>0</UNIT>
    <BUDGET>0</BUDGET>
    <CLIENTRULE>0</CLIENTRULE>
    <SERVERRULE>0</SERVERRULE>
    <STATE>0</STATE>
    <TDSRATE>0</TDSRATE>
    <TAXCLASSIFICATION>0</TAXCLASSIFICATION>
    <STCATEGORY>0</STCATEGORY>
    <DEDUCTEETYPE>0</DEDUCTEETYPE>
    <ATTENDANCETYPE>0</ATTENDANCETYPE>
    <FBTCATEGORY>0</FBTCATEGORY>
    <FBTASSESSEETYPE>0</FBTASSESSEETYPE>
    <TARIFFCLASSIFICATION>0</TARIFFCLASSIFICATION>
    <EXCISEDUTYCLASSIFICATION>0</EXCISEDUTYCLASSIFICATION>
    <SERIALNUMBER>0</SERIALNUMBER>
    <ADJUSTMENTCLASSIFICATION>0</ADJUSTMENTCLASSIFICATION>
    <INCOMETAXSLAB>0</INCOMETAXSLAB>
    <INCOMETAXCLASSIFICATION>0</INCOMETAXCLASSIFICATION>
    <VOUCHER>0</VOUCHER>
   </CMPINFO>
  </DESC>
 </BODY>
</ENVELOPE>

Response
<ENVELOPE><HEADER><VERSION>1</VERSION><TALLYREQUEST>Import</TALLYREQUEST><TYPE>Data</TYPE><ID>All Masters</ID></HEADER><BODY><DESC><STATICVARIABLES><SVCURRENTCOMPANY>CMS</SVCURRENTCOMPANY><IMPORTDUPS>@@DupIgnoreCombine</IMPORTDUPS></STATICVARIABLES></DESC><DATA><TALLYMESSAGE><LEDGER NAME="Member Control Account"><PARENT>Sundry Debtors</PARENT><LANGUAGENAME.LIST><NAME.LIST TYPE="String"><NAME>Member Control Account</NAME><NAME>Member Control Account(MCA)</NAME></NAME.LIST></LANGUAGENAME.LIST></LEDGER></TALLYMESSAGE></DATA></BODY></ENVELOPE>
		Ledger Name : Member Control Account
Alias Name : Member Control Account(MCA)

 Request XML 
<ENVELOPE><HEADER><VERSION>1</VERSION><TALLYREQUEST>Import</TALLYREQUEST><TYPE>Data</TYPE><ID>All Masters</ID></HEADER><BODY><DESC><STATICVARIABLES><SVCURRENTCOMPANY>CMS</SVCURRENTCOMPANY><IMPORTDUPS>@@DupIgnoreCombine</IMPORTDUPS></STATICVARIABLES></DESC><DATA><TALLYMESSAGE><LEDGER NAME="Member Control Account"><PARENT>Sundry Debtors</PARENT><LANGUAGENAME.LIST><NAME.LIST TYPE="String"><NAME>Member Control Account</NAME><NAME>Member Control Account(MCA)</NAME></NAME.LIST></LANGUAGENAME.LIST></LEDGER></TALLYMESSAGE></DATA></BODY></ENVELOPE>

 Response XML 
<ENVELOPE>
 <HEADER>
  <VERSION>1</VERSION>
  <STATUS>1</STATUS>
 </HEADER>
 <BODY>
  <DATA>
   <IMPORTRESULT>
    <CREATED>0</CREATED>
    <ALTERED>1</ALTERED>
    <LASTVCHID>0</LASTVCHID>
    <LASTMID>0</LASTMID>
    <COMBINED>0</COMBINED>
    <IGNORED>0</IGNORED>
    <ERRORS>0</ERRORS>
   </IMPORTRESULT>
  </DATA>
  <DESC>
   <CMPINFO>
    <COMPANY>0</COMPANY>
    <GROUP>0</GROUP>
    <LEDGER>4</LEDGER>
    <COSTCATEGORY>0</COSTCATEGORY>
    <COSTCENTRE>0</COSTCENTRE>
    <GODOWN>0</GODOWN>
    <STOCKGROUP>0</STOCKGROUP>
    <STOCKCATEGORY>0</STOCKCATEGORY>
    <STOCKITEM>0</STOCKITEM>
    <VOUCHERTYPE>0</VOUCHERTYPE>
    <CURRENCY>0</CURRENCY>
    <UNIT>0</UNIT>
    <BUDGET>0</BUDGET>
    <CLIENTRULE>0</CLIENTRULE>
    <SERVERRULE>0</SERVERRULE>
    <STATE>0</STATE>
    <TDSRATE>0</TDSRATE>
    <TAXCLASSIFICATION>0</TAXCLASSIFICATION>
    <STCATEGORY>0</STCATEGORY>
    <DEDUCTEETYPE>0</DEDUCTEETYPE>
    <ATTENDANCETYPE>0</ATTENDANCETYPE>
    <FBTCATEGORY>0</FBTCATEGORY>
    <FBTASSESSEETYPE>0</FBTASSESSEETYPE>
    <TARIFFCLASSIFICATION>0</TARIFFCLASSIFICATION>
    <EXCISEDUTYCLASSIFICATION>0</EXCISEDUTYCLASSIFICATION>
    <SERIALNUMBER>0</SERIALNUMBER>
    <ADJUSTMENTCLASSIFICATION>0</ADJUSTMENTCLASSIFICATION>
    <INCOMETAXSLAB>0</INCOMETAXSLAB>
    <INCOMETAXCLASSIFICATION>0</INCOMETAXCLASSIFICATION>
    <VOUCHER>0</VOUCHER>
   </CMPINFO>
  </DESC>
 </BODY>
</ENVELOPE>





05/01/2012  09:59:44 AM
Error-->>TallySynchronizer.TallyException: System.ArgumentNullException: Value cannot be null.
Parameter name: key
   at System.ThrowHelper.ThrowArgumentNullException(ExceptionArgument argument)
   at System.Collections.Generic.Dictionary`2.FindEntry(TKey key)
   at System.Collections.Generic.Dictionary`2.ContainsKey(TKey key)
   at Tally.DataProvider.GetmChargeAccountCategory(String ID)
   at TallySynchronizer.Tally.CreateLedgersForEntires(Tally_EntryDetails[] TallyEntryDetails)
   at TallySynchronizer.Tally.UpdateTally(Tally_Entry TallyEntry, Tally_EntryDetails[] TallyEntryDetails, SyncType Type, Int16 RetryCount)
   at TallySynchronizer.Tally.UpdateTally(Tally_Entry TallyEntry, Tally_EntryDetails[] TallyEntryDetails, SyncType Type, Int16 RetryCount)
   at TallySynchronizer.Tally.UpdateTally(Tally_Entry TallyEntry, Tally_EntryDetails[] TallyEntryDetails, SyncType Type)
   at TallySynchronizer.Tally.ExportOffLineTransactions()
		


05/01/2012  10:00:30 AM
Error-->>TallySynchronizer.TallyException: Ledger Not Found
		

Request 
<ENVELOPE>
<HEADER>
<VERSION>1</VERSION>
<TALLYREQUEST>Import</TALLYREQUEST>
<TYPE>Data</TYPE>
<ID>All Masters</ID>
</HEADER>
<BODY>
<DESC>
<STATICVARIABLES>
<SVCURRENTCOMPANY>CMS</SVCURRENTCOMPANY>
<IMPORTDUPS>@@DupIgnoreCombine</IMPORTDUPS>
</STATICVARIABLES>
</DESC>
<DATA>
<TALLYMESSAGE>
<VOUCHER DATE="20120104" TAGNAME = "Reference" TAGVALUE="135PAY" Action="Alter">
<DATE>20120104</DATE>
<NARRATION>[135PAY][151] ToWards : S</NARRATION>
<VOUCHERTYPENAME>Receipt</VOUCHERTYPENAME>
<VOUCHERNUMBER>135PAY</VOUCHERNUMBER>
<REFERENCE>135PAY</REFERENCE>
<ALLLEDGERENTRIES.LIST>
<LEDGERNAME>Member Control Account(MCA)</LEDGERNAME>
<ISDEEMEDPOSITIVE>No</ISDEEMEDPOSITIVE>
<AMOUNT>4500</AMOUNT>
</ALLLEDGERENTRIES.LIST>
<ALLLEDGERENTRIES.LIST>
<LEDGERNAME>CASH ACOUNT(CSH)</LEDGERNAME>
<ISDEEMEDPOSITIVE>Yes</ISDEEMEDPOSITIVE>
<AMOUNT>-4500</AMOUNT>
</ALLLEDGERENTRIES.LIST>

</VOUCHER>
</TALLYMESSAGE>
</DATA>
</BODY>
</ENVELOPE>

Response 
<ENVELOPE>
 <HEADER>
  <VERSION>1</VERSION>
  <STATUS>0</STATUS>
 </HEADER>
 <BODY>
  <DATA>
   <LINEERROR>Ledger &apos;CASH ACOUNT(CSH)&apos; does not exist!</LINEERROR>
   <CREATED>0</CREATED>
   <ALTERED>0</ALTERED>
   <LASTVCHID>0</LASTVCHID>
   <LASTMID>0</LASTMID>
   <COMBINED>0</COMBINED>
   <IGNORED>0</IGNORED>
   <ERRORS>1</ERRORS>
  </DATA>
  <DESC>
   <CMPINFO>
    <COMPANY>0</COMPANY>
    <GROUP>0</GROUP>
    <LEDGER>4</LEDGER>
    <COSTCATEGORY>0</COSTCATEGORY>
    <COSTCENTRE>0</COSTCENTRE>
    <GODOWN>0</GODOWN>
    <STOCKGROUP>0</STOCKGROUP>
    <STOCKCATEGORY>0</STOCKCATEGORY>
    <STOCKITEM>0</STOCKITEM>
    <VOUCHERTYPE>0</VOUCHERTYPE>
    <CURRENCY>0</CURRENCY>
    <UNIT>0</UNIT>
    <BUDGET>0</BUDGET>
    <CLIENTRULE>0</CLIENTRULE>
    <SERVERRULE>0</SERVERRULE>
    <STATE>0</STATE>
    <TDSRATE>0</TDSRATE>
    <TAXCLASSIFICATION>0</TAXCLASSIFICATION>
    <STCATEGORY>0</STCATEGORY>
    <DEDUCTEETYPE>0</DEDUCTEETYPE>
    <ATTENDANCETYPE>0</ATTENDANCETYPE>
    <FBTCATEGORY>0</FBTCATEGORY>
    <FBTASSESSEETYPE>0</FBTASSESSEETYPE>
    <TARIFFCLASSIFICATION>0</TARIFFCLASSIFICATION>
    <EXCISEDUTYCLASSIFICATION>0</EXCISEDUTYCLASSIFICATION>
    <SERIALNUMBER>0</SERIALNUMBER>
    <ADJUSTMENTCLASSIFICATION>0</ADJUSTMENTCLASSIFICATION>
    <INCOMETAXSLAB>0</INCOMETAXSLAB>
    <INCOMETAXCLASSIFICATION>0</INCOMETAXCLASSIFICATION>
    <VOUCHER>0</VOUCHER>
   </CMPINFO>
  </DESC>
 </BODY>
</ENVELOPE>



05/01/2012  10:00:31 AM
Error-->>TallySynchronizer.TallyException: <ENVELOPE>
 <HEADER>
  <VERSION>1</VERSION>
  <STATUS>1</STATUS>
 </HEADER>
 <BODY>
  <DATA>
   <IMPORTRESULT>
    <CREATED>0</CREATED>
    <ALTERED>1</ALTERED>
    <LASTVCHID>0</LASTVCHID>
    <LASTMID>0</LASTMID>
    <COMBINED>0</COMBINED>
    <IGNORED>0</IGNORED>
    <ERRORS>0</ERRORS>
   </IMPORTRESULT>
  </DATA>
  <DESC>
   <CMPINFO>
    <COMPANY>0</COMPANY>
    <GROUP>0</GROUP>
    <LEDGER>5</LEDGER>
    <COSTCATEGORY>0</COSTCATEGORY>
    <COSTCENTRE>0</COSTCENTRE>
    <GODOWN>0</GODOWN>
    <STOCKGROUP>0</STOCKGROUP>
    <STOCKCATEGORY>0</STOCKCATEGORY>
    <STOCKITEM>0</STOCKITEM>
    <VOUCHERTYPE>0</VOUCHERTYPE>
    <CURRENCY>0</CURRENCY>
    <UNIT>0</UNIT>
    <BUDGET>0</BUDGET>
    <CLIENTRULE>0</CLIENTRULE>
    <SERVERRULE>0</SERVERRULE>
    <STATE>0</STATE>
    <TDSRATE>0</TDSRATE>
    <TAXCLASSIFICATION>0</TAXCLASSIFICATION>
    <STCATEGORY>0</STCATEGORY>
    <DEDUCTEETYPE>0</DEDUCTEETYPE>
    <ATTENDANCETYPE>0</ATTENDANCETYPE>
    <FBTCATEGORY>0</FBTCATEGORY>
    <FBTASSESSEETYPE>0</FBTASSESSEETYPE>
    <TARIFFCLASSIFICATION>0</TARIFFCLASSIFICATION>
    <EXCISEDUTYCLASSIFICATION>0</EXCISEDUTYCLASSIFICATION>
    <SERIALNUMBER>0</SERIALNUMBER>
    <ADJUSTMENTCLASSIFICATION>0</ADJUSTMENTCLASSIFICATION>
    <INCOMETAXSLAB>0</INCOMETAXSLAB>
    <INCOMETAXCLASSIFICATION>0</INCOMETAXCLASSIFICATION>
    <VOUCHER>0</VOUCHER>
   </CMPINFO>
  </DESC>
 </BODY>
</ENVELOPE>

Response
<ENVELOPE><HEADER><VERSION>1</VERSION><TALLYREQUEST>Import</TALLYREQUEST><TYPE>Data</TYPE><ID>All Masters</ID></HEADER><BODY><DESC><STATICVARIABLES><SVCURRENTCOMPANY>CMS</SVCURRENTCOMPANY><IMPORTDUPS>@@DupIgnoreCombine</IMPORTDUPS></STATICVARIABLES></DESC><DATA><TALLYMESSAGE><LEDGER NAME="Member Control Account"><PARENT>Sundry Debtors</PARENT><LANGUAGENAME.LIST><NAME.LIST TYPE="String"><NAME>Member Control Account</NAME><NAME>Member Control Account(MCA)</NAME></NAME.LIST></LANGUAGENAME.LIST></LEDGER></TALLYMESSAGE></DATA></BODY></ENVELOPE>
		Ledger Name : Member Control Account
Alias Name : Member Control Account(MCA)

 Request XML 
<ENVELOPE><HEADER><VERSION>1</VERSION><TALLYREQUEST>Import</TALLYREQUEST><TYPE>Data</TYPE><ID>All Masters</ID></HEADER><BODY><DESC><STATICVARIABLES><SVCURRENTCOMPANY>CMS</SVCURRENTCOMPANY><IMPORTDUPS>@@DupIgnoreCombine</IMPORTDUPS></STATICVARIABLES></DESC><DATA><TALLYMESSAGE><LEDGER NAME="Member Control Account"><PARENT>Sundry Debtors</PARENT><LANGUAGENAME.LIST><NAME.LIST TYPE="String"><NAME>Member Control Account</NAME><NAME>Member Control Account(MCA)</NAME></NAME.LIST></LANGUAGENAME.LIST></LEDGER></TALLYMESSAGE></DATA></BODY></ENVELOPE>

 Response XML 
<ENVELOPE>
 <HEADER>
  <VERSION>1</VERSION>
  <STATUS>1</STATUS>
 </HEADER>
 <BODY>
  <DATA>
   <IMPORTRESULT>
    <CREATED>0</CREATED>
    <ALTERED>1</ALTERED>
    <LASTVCHID>0</LASTVCHID>
    <LASTMID>0</LASTMID>
    <COMBINED>0</COMBINED>
    <IGNORED>0</IGNORED>
    <ERRORS>0</ERRORS>
   </IMPORTRESULT>
  </DATA>
  <DESC>
   <CMPINFO>
    <COMPANY>0</COMPANY>
    <GROUP>0</GROUP>
    <LEDGER>5</LEDGER>
    <COSTCATEGORY>0</COSTCATEGORY>
    <COSTCENTRE>0</COSTCENTRE>
    <GODOWN>0</GODOWN>
    <STOCKGROUP>0</STOCKGROUP>
    <STOCKCATEGORY>0</STOCKCATEGORY>
    <STOCKITEM>0</STOCKITEM>
    <VOUCHERTYPE>0</VOUCHERTYPE>
    <CURRENCY>0</CURRENCY>
    <UNIT>0</UNIT>
    <BUDGET>0</BUDGET>
    <CLIENTRULE>0</CLIENTRULE>
    <SERVERRULE>0</SERVERRULE>
    <STATE>0</STATE>
    <TDSRATE>0</TDSRATE>
    <TAXCLASSIFICATION>0</TAXCLASSIFICATION>
    <STCATEGORY>0</STCATEGORY>
    <DEDUCTEETYPE>0</DEDUCTEETYPE>
    <ATTENDANCETYPE>0</ATTENDANCETYPE>
    <FBTCATEGORY>0</FBTCATEGORY>
    <FBTASSESSEETYPE>0</FBTASSESSEETYPE>
    <TARIFFCLASSIFICATION>0</TARIFFCLASSIFICATION>
    <EXCISEDUTYCLASSIFICATION>0</EXCISEDUTYCLASSIFICATION>
    <SERIALNUMBER>0</SERIALNUMBER>
    <ADJUSTMENTCLASSIFICATION>0</ADJUSTMENTCLASSIFICATION>
    <INCOMETAXSLAB>0</INCOMETAXSLAB>
    <INCOMETAXCLASSIFICATION>0</INCOMETAXCLASSIFICATION>
    <VOUCHER>0</VOUCHER>
   </CMPINFO>
  </DESC>
 </BODY>
</ENVELOPE>



