

06/01/2012  09:20:23 AM
Error-->>TallySynchronizer.TallyException: Ledger Not Found
		

Request 
<ENVELOPE>
<HEADER>
<VERSION>1</VERSION>
<TALLYREQUEST>Import</TALLYREQUEST>
<TYPE>Data</TYPE>
<ID>All Masters</ID>
</HEADER>
<BODY>
<DESC>
<STATICVARIABLES>
<SVCURRENTCOMPANY>CMS</SVCURRENTCOMPANY>
<IMPORTDUPS>@@DupIgnoreCombine</IMPORTDUPS>
</STATICVARIABLES>
</DESC>
<DATA>
<TALLYMESSAGE>
<VOUCHER DATE="20120105" TAGNAME = "Reference" TAGVALUE="149PAY" Action="Alter">
<DATE>20120105</DATE>
<NARRATION>[149PAY][172] ToWards : ledger cheq Cheque : [State Bank of India/BTM layout/55555]</NARRATION>
<VOUCHERTYPENAME>Receipt</VOUCHERTYPENAME>
<VOUCHERNUMBER>149PAY</VOUCHERNUMBER>
<REFERENCE>149PAY</REFERENCE>
<ALLLEDGERENTRIES.LIST>
<LEDGERNAME>TESTACCOUNT(TST)</LEDGERNAME>
<ISDEEMEDPOSITIVE>No</ISDEEMEDPOSITIVE>
<AMOUNT>1200</AMOUNT>
</ALLLEDGERENTRIES.LIST>
<ALLLEDGERENTRIES.LIST>
<LEDGERNAME>SRV</LEDGERNAME>
<ISDEEMEDPOSITIVE>Yes</ISDEEMEDPOSITIVE>
<AMOUNT>-600</AMOUNT>
</ALLLEDGERENTRIES.LIST>
<ALLLEDGERENTRIES.LIST>
<LEDGERNAME>Green Fees</LEDGERNAME>
<ISDEEMEDPOSITIVE>Yes</ISDEEMEDPOSITIVE>
<AMOUNT>-600</AMOUNT>
</ALLLEDGERENTRIES.LIST>

</VOUCHER>
</TALLYMESSAGE>
</DATA>
</BODY>
</ENVELOPE>

Response 
<ENVELOPE>
 <HEADER>
  <VERSION>1</VERSION>
  <STATUS>0</STATUS>
 </HEADER>
 <BODY>
  <DATA>
   <LINEERROR>Ledger &apos;TESTACCOUNT(TST)&apos; does not exist!</LINEERROR>
   <CREATED>0</CREATED>
   <ALTERED>0</ALTERED>
   <LASTVCHID>0</LASTVCHID>
   <LASTMID>0</LASTMID>
   <COMBINED>0</COMBINED>
   <IGNORED>0</IGNORED>
   <ERRORS>1</ERRORS>
  </DATA>
  <DESC>
   <CMPINFO>
    <COMPANY>0</COMPANY>
    <GROUP>0</GROUP>
    <LEDGER>0</LEDGER>
    <COSTCATEGORY>0</COSTCATEGORY>
    <COSTCENTRE>0</COSTCENTRE>
    <GODOWN>0</GODOWN>
    <STOCKGROUP>0</STOCKGROUP>
    <STOCKCATEGORY>0</STOCKCATEGORY>
    <STOCKITEM>0</STOCKITEM>
    <VOUCHERTYPE>0</VOUCHERTYPE>
    <CURRENCY>0</CURRENCY>
    <UNIT>0</UNIT>
    <BUDGET>0</BUDGET>
    <CLIENTRULE>0</CLIENTRULE>
    <SERVERRULE>0</SERVERRULE>
    <STATE>0</STATE>
    <TDSRATE>0</TDSRATE>
    <TAXCLASSIFICATION>0</TAXCLASSIFICATION>
    <STCATEGORY>0</STCATEGORY>
    <DEDUCTEETYPE>0</DEDUCTEETYPE>
    <ATTENDANCETYPE>0</ATTENDANCETYPE>
    <FBTCATEGORY>0</FBTCATEGORY>
    <FBTASSESSEETYPE>0</FBTASSESSEETYPE>
    <TARIFFCLASSIFICATION>0</TARIFFCLASSIFICATION>
    <EXCISEDUTYCLASSIFICATION>0</EXCISEDUTYCLASSIFICATION>
    <SERIALNUMBER>0</SERIALNUMBER>
    <ADJUSTMENTCLASSIFICATION>0</ADJUSTMENTCLASSIFICATION>
    <INCOMETAXSLAB>0</INCOMETAXSLAB>
    <INCOMETAXCLASSIFICATION>0</INCOMETAXCLASSIFICATION>
    <VOUCHER>0</VOUCHER>
   </CMPINFO>
  </DESC>
 </BODY>
</ENVELOPE>



06/01/2012  09:20:25 AM
Error-->>TallySynchronizer.TallyException: <ENVELOPE>
 <HEADER>
  <VERSION>1</VERSION>
  <STATUS>0</STATUS>
 </HEADER>
 <BODY>
  <DATA>
   <LINEERROR>Duplicate Entry!</LINEERROR>
   <CREATED>0</CREATED>
   <ALTERED>0</ALTERED>
   <LASTVCHID>0</LASTVCHID>
   <LASTMID>0</LASTMID>
   <COMBINED>0</COMBINED>
   <IGNORED>0</IGNORED>
   <ERRORS>1</ERRORS>
  </DATA>
  <DESC>
   <CMPINFO>
    <COMPANY>0</COMPANY>
    <GROUP>0</GROUP>
    <LEDGER>2</LEDGER>
    <COSTCATEGORY>0</COSTCATEGORY>
    <COSTCENTRE>0</COSTCENTRE>
    <GODOWN>0</GODOWN>
    <STOCKGROUP>0</STOCKGROUP>
    <STOCKCATEGORY>0</STOCKCATEGORY>
    <STOCKITEM>0</STOCKITEM>
    <VOUCHERTYPE>0</VOUCHERTYPE>
    <CURRENCY>0</CURRENCY>
    <UNIT>0</UNIT>
    <BUDGET>0</BUDGET>
    <CLIENTRULE>0</CLIENTRULE>
    <SERVERRULE>0</SERVERRULE>
    <STATE>0</STATE>
    <TDSRATE>0</TDSRATE>
    <TAXCLASSIFICATION>0</TAXCLASSIFICATION>
    <STCATEGORY>0</STCATEGORY>
    <DEDUCTEETYPE>0</DEDUCTEETYPE>
    <ATTENDANCETYPE>0</ATTENDANCETYPE>
    <FBTCATEGORY>0</FBTCATEGORY>
    <FBTASSESSEETYPE>0</FBTASSESSEETYPE>
    <TARIFFCLASSIFICATION>0</TARIFFCLASSIFICATION>
    <EXCISEDUTYCLASSIFICATION>0</EXCISEDUTYCLASSIFICATION>
    <SERIALNUMBER>0</SERIALNUMBER>
    <ADJUSTMENTCLASSIFICATION>0</ADJUSTMENTCLASSIFICATION>
    <INCOMETAXSLAB>0</INCOMETAXSLAB>
    <INCOMETAXCLASSIFICATION>0</INCOMETAXCLASSIFICATION>
    <VOUCHER>0</VOUCHER>
   </CMPINFO>
  </DESC>
 </BODY>
</ENVELOPE>

Response
<ENVELOPE><HEADER><VERSION>1</VERSION><TALLYREQUEST>Import</TALLYREQUEST><TYPE>Data</TYPE><ID>All Masters</ID></HEADER><BODY><DESC><STATICVARIABLES><SVCURRENTCOMPANY>CMS</SVCURRENTCOMPANY><IMPORTDUPS>@@DupIgnoreCombine</IMPORTDUPS></STATICVARIABLES></DESC><DATA><TALLYMESSAGE><LEDGER NAME="Green Fees"><PARENT>Direct Incomes</PARENT><LANGUAGENAME.LIST><NAME.LIST TYPE="String"><NAME>Green Fees</NAME><NAME>Green Fees</NAME></NAME.LIST></LANGUAGENAME.LIST></LEDGER></TALLYMESSAGE></DATA></BODY></ENVELOPE>
		Ledger Name : Green Fees
Alias Name : Green Fees

 Request XML 
<ENVELOPE><HEADER><VERSION>1</VERSION><TALLYREQUEST>Import</TALLYREQUEST><TYPE>Data</TYPE><ID>All Masters</ID></HEADER><BODY><DESC><STATICVARIABLES><SVCURRENTCOMPANY>CMS</SVCURRENTCOMPANY><IMPORTDUPS>@@DupIgnoreCombine</IMPORTDUPS></STATICVARIABLES></DESC><DATA><TALLYMESSAGE><LEDGER NAME="Green Fees"><PARENT>Direct Incomes</PARENT><LANGUAGENAME.LIST><NAME.LIST TYPE="String"><NAME>Green Fees</NAME><NAME>Green Fees</NAME></NAME.LIST></LANGUAGENAME.LIST></LEDGER></TALLYMESSAGE></DATA></BODY></ENVELOPE>

 Response XML 
<ENVELOPE>
 <HEADER>
  <VERSION>1</VERSION>
  <STATUS>0</STATUS>
 </HEADER>
 <BODY>
  <DATA>
   <LINEERROR>Duplicate Entry!</LINEERROR>
   <CREATED>0</CREATED>
   <ALTERED>0</ALTERED>
   <LASTVCHID>0</LASTVCHID>
   <LASTMID>0</LASTMID>
   <COMBINED>0</COMBINED>
   <IGNORED>0</IGNORED>
   <ERRORS>1</ERRORS>
  </DATA>
  <DESC>
   <CMPINFO>
    <COMPANY>0</COMPANY>
    <GROUP>0</GROUP>
    <LEDGER>2</LEDGER>
    <COSTCATEGORY>0</COSTCATEGORY>
    <COSTCENTRE>0</COSTCENTRE>
    <GODOWN>0</GODOWN>
    <STOCKGROUP>0</STOCKGROUP>
    <STOCKCATEGORY>0</STOCKCATEGORY>
    <STOCKITEM>0</STOCKITEM>
    <VOUCHERTYPE>0</VOUCHERTYPE>
    <CURRENCY>0</CURRENCY>
    <UNIT>0</UNIT>
    <BUDGET>0</BUDGET>
    <CLIENTRULE>0</CLIENTRULE>
    <SERVERRULE>0</SERVERRULE>
    <STATE>0</STATE>
    <TDSRATE>0</TDSRATE>
    <TAXCLASSIFICATION>0</TAXCLASSIFICATION>
    <STCATEGORY>0</STCATEGORY>
    <DEDUCTEETYPE>0</DEDUCTEETYPE>
    <ATTENDANCETYPE>0</ATTENDANCETYPE>
    <FBTCATEGORY>0</FBTCATEGORY>
    <FBTASSESSEETYPE>0</FBTASSESSEETYPE>
    <TARIFFCLASSIFICATION>0</TARIFFCLASSIFICATION>
    <EXCISEDUTYCLASSIFICATION>0</EXCISEDUTYCLASSIFICATION>
    <SERIALNUMBER>0</SERIALNUMBER>
    <ADJUSTMENTCLASSIFICATION>0</ADJUSTMENTCLASSIFICATION>
    <INCOMETAXSLAB>0</INCOMETAXSLAB>
    <INCOMETAXCLASSIFICATION>0</INCOMETAXCLASSIFICATION>
    <VOUCHER>0</VOUCHER>
   </CMPINFO>
  </DESC>
 </BODY>
</ENVELOPE>





06/01/2012  09:20:27 AM
Error-->>TallySynchronizer.TallyException: Ledger Not Found
		

Request 
<ENVELOPE>
<HEADER>
<VERSION>1</VERSION>
<TALLYREQUEST>Import</TALLYREQUEST>
<TYPE>Data</TYPE>
<ID>All Masters</ID>
</HEADER>
<BODY>
<DESC>
<STATICVARIABLES>
<SVCURRENTCOMPANY>CMS</SVCURRENTCOMPANY>
<IMPORTDUPS>@@DupIgnoreCombine</IMPORTDUPS>
</STATICVARIABLES>
</DESC>
<DATA>
<TALLYMESSAGE>
<VOUCHER DATE="20120105" TAGNAME = "Reference" TAGVALUE="149PAY" Action="Alter">
<DATE>20120105</DATE>
<NARRATION>[149PAY][172] ToWards : ledger cheq Cheque : [State Bank of India/BTM layout/55555]</NARRATION>
<VOUCHERTYPENAME>Receipt</VOUCHERTYPENAME>
<VOUCHERNUMBER>149PAY</VOUCHERNUMBER>
<REFERENCE>149PAY</REFERENCE>
<ALLLEDGERENTRIES.LIST>
<LEDGERNAME>TESTACCOUNT(TST)</LEDGERNAME>
<ISDEEMEDPOSITIVE>No</ISDEEMEDPOSITIVE>
<AMOUNT>1200</AMOUNT>
</ALLLEDGERENTRIES.LIST>
<ALLLEDGERENTRIES.LIST>
<LEDGERNAME>SRV</LEDGERNAME>
<ISDEEMEDPOSITIVE>Yes</ISDEEMEDPOSITIVE>
<AMOUNT>-600</AMOUNT>
</ALLLEDGERENTRIES.LIST>
<ALLLEDGERENTRIES.LIST>
<LEDGERNAME>Green Fees</LEDGERNAME>
<ISDEEMEDPOSITIVE>Yes</ISDEEMEDPOSITIVE>
<AMOUNT>-600</AMOUNT>
</ALLLEDGERENTRIES.LIST>

</VOUCHER>
</TALLYMESSAGE>
</DATA>
</BODY>
</ENVELOPE>

Response 
<ENVELOPE>
 <HEADER>
  <VERSION>1</VERSION>
  <STATUS>0</STATUS>
 </HEADER>
 <BODY>
  <DATA>
   <LINEERROR>Ledger &apos;Green Fees&apos; does not exist!</LINEERROR>
   <CREATED>0</CREATED>
   <ALTERED>0</ALTERED>
   <LASTVCHID>0</LASTVCHID>
   <LASTMID>0</LASTMID>
   <COMBINED>0</COMBINED>
   <IGNORED>0</IGNORED>
   <ERRORS>1</ERRORS>
  </DATA>
  <DESC>
   <CMPINFO>
    <COMPANY>0</COMPANY>
    <GROUP>0</GROUP>
    <LEDGER>2</LEDGER>
    <COSTCATEGORY>0</COSTCATEGORY>
    <COSTCENTRE>0</COSTCENTRE>
    <GODOWN>0</GODOWN>
    <STOCKGROUP>0</STOCKGROUP>
    <STOCKCATEGORY>0</STOCKCATEGORY>
    <STOCKITEM>0</STOCKITEM>
    <VOUCHERTYPE>0</VOUCHERTYPE>
    <CURRENCY>0</CURRENCY>
    <UNIT>0</UNIT>
    <BUDGET>0</BUDGET>
    <CLIENTRULE>0</CLIENTRULE>
    <SERVERRULE>0</SERVERRULE>
    <STATE>0</STATE>
    <TDSRATE>0</TDSRATE>
    <TAXCLASSIFICATION>0</TAXCLASSIFICATION>
    <STCATEGORY>0</STCATEGORY>
    <DEDUCTEETYPE>0</DEDUCTEETYPE>
    <ATTENDANCETYPE>0</ATTENDANCETYPE>
    <FBTCATEGORY>0</FBTCATEGORY>
    <FBTASSESSEETYPE>0</FBTASSESSEETYPE>
    <TARIFFCLASSIFICATION>0</TARIFFCLASSIFICATION>
    <EXCISEDUTYCLASSIFICATION>0</EXCISEDUTYCLASSIFICATION>
    <SERIALNUMBER>0</SERIALNUMBER>
    <ADJUSTMENTCLASSIFICATION>0</ADJUSTMENTCLASSIFICATION>
    <INCOMETAXSLAB>0</INCOMETAXSLAB>
    <INCOMETAXCLASSIFICATION>0</INCOMETAXCLASSIFICATION>
    <VOUCHER>0</VOUCHER>
   </CMPINFO>
  </DESC>
 </BODY>
</ENVELOPE>



06/01/2012  09:20:27 AM
Error-->>TallySynchronizer.TallyException: <ENVELOPE>
 <HEADER>
  <VERSION>1</VERSION>
  <STATUS>1</STATUS>
 </HEADER>
 <BODY>
  <DATA>
   <IMPORTRESULT>
    <CREATED>0</CREATED>
    <ALTERED>1</ALTERED>
    <LASTVCHID>0</LASTVCHID>
    <LASTMID>0</LASTMID>
    <COMBINED>0</COMBINED>
    <IGNORED>0</IGNORED>
    <ERRORS>0</ERRORS>
   </IMPORTRESULT>
  </DATA>
  <DESC>
   <CMPINFO>
    <COMPANY>0</COMPANY>
    <GROUP>0</GROUP>
    <LEDGER>3</LEDGER>
    <COSTCATEGORY>0</COSTCATEGORY>
    <COSTCENTRE>0</COSTCENTRE>
    <GODOWN>0</GODOWN>
    <STOCKGROUP>0</STOCKGROUP>
    <STOCKCATEGORY>0</STOCKCATEGORY>
    <STOCKITEM>0</STOCKITEM>
    <VOUCHERTYPE>0</VOUCHERTYPE>
    <CURRENCY>0</CURRENCY>
    <UNIT>0</UNIT>
    <BUDGET>0</BUDGET>
    <CLIENTRULE>0</CLIENTRULE>
    <SERVERRULE>0</SERVERRULE>
    <STATE>0</STATE>
    <TDSRATE>0</TDSRATE>
    <TAXCLASSIFICATION>0</TAXCLASSIFICATION>
    <STCATEGORY>0</STCATEGORY>
    <DEDUCTEETYPE>0</DEDUCTEETYPE>
    <ATTENDANCETYPE>0</ATTENDANCETYPE>
    <FBTCATEGORY>0</FBTCATEGORY>
    <FBTASSESSEETYPE>0</FBTASSESSEETYPE>
    <TARIFFCLASSIFICATION>0</TARIFFCLASSIFICATION>
    <EXCISEDUTYCLASSIFICATION>0</EXCISEDUTYCLASSIFICATION>
    <SERIALNUMBER>0</SERIALNUMBER>
    <ADJUSTMENTCLASSIFICATION>0</ADJUSTMENTCLASSIFICATION>
    <INCOMETAXSLAB>0</INCOMETAXSLAB>
    <INCOMETAXCLASSIFICATION>0</INCOMETAXCLASSIFICATION>
    <VOUCHER>0</VOUCHER>
   </CMPINFO>
  </DESC>
 </BODY>
</ENVELOPE>

Response
<ENVELOPE><HEADER><VERSION>1</VERSION><TALLYREQUEST>Import</TALLYREQUEST><TYPE>Data</TYPE><ID>All Masters</ID></HEADER><BODY><DESC><STATICVARIABLES><SVCURRENTCOMPANY>CMS</SVCURRENTCOMPANY><IMPORTDUPS>@@DupIgnoreCombine</IMPORTDUPS></STATICVARIABLES></DESC><DATA><TALLYMESSAGE><LEDGER NAME="TEST ACCOUNT"><PARENT>Direct Incomes</PARENT><LANGUAGENAME.LIST><NAME.LIST TYPE="String"><NAME>TEST ACCOUNT</NAME><NAME>TESTACCOUNT(TST)</NAME></NAME.LIST></LANGUAGENAME.LIST></LEDGER></TALLYMESSAGE></DATA></BODY></ENVELOPE>
		Ledger Name : TEST ACCOUNT
Alias Name : TESTACCOUNT(TST)

 Request XML 
<ENVELOPE><HEADER><VERSION>1</VERSION><TALLYREQUEST>Import</TALLYREQUEST><TYPE>Data</TYPE><ID>All Masters</ID></HEADER><BODY><DESC><STATICVARIABLES><SVCURRENTCOMPANY>CMS</SVCURRENTCOMPANY><IMPORTDUPS>@@DupIgnoreCombine</IMPORTDUPS></STATICVARIABLES></DESC><DATA><TALLYMESSAGE><LEDGER NAME="TEST ACCOUNT"><PARENT>Direct Incomes</PARENT><LANGUAGENAME.LIST><NAME.LIST TYPE="String"><NAME>TEST ACCOUNT</NAME><NAME>TESTACCOUNT(TST)</NAME></NAME.LIST></LANGUAGENAME.LIST></LEDGER></TALLYMESSAGE></DATA></BODY></ENVELOPE>

 Response XML 
<ENVELOPE>
 <HEADER>
  <VERSION>1</VERSION>
  <STATUS>1</STATUS>
 </HEADER>
 <BODY>
  <DATA>
   <IMPORTRESULT>
    <CREATED>0</CREATED>
    <ALTERED>1</ALTERED>
    <LASTVCHID>0</LASTVCHID>
    <LASTMID>0</LASTMID>
    <COMBINED>0</COMBINED>
    <IGNORED>0</IGNORED>
    <ERRORS>0</ERRORS>
   </IMPORTRESULT>
  </DATA>
  <DESC>
   <CMPINFO>
    <COMPANY>0</COMPANY>
    <GROUP>0</GROUP>
    <LEDGER>3</LEDGER>
    <COSTCATEGORY>0</COSTCATEGORY>
    <COSTCENTRE>0</COSTCENTRE>
    <GODOWN>0</GODOWN>
    <STOCKGROUP>0</STOCKGROUP>
    <STOCKCATEGORY>0</STOCKCATEGORY>
    <STOCKITEM>0</STOCKITEM>
    <VOUCHERTYPE>0</VOUCHERTYPE>
    <CURRENCY>0</CURRENCY>
    <UNIT>0</UNIT>
    <BUDGET>0</BUDGET>
    <CLIENTRULE>0</CLIENTRULE>
    <SERVERRULE>0</SERVERRULE>
    <STATE>0</STATE>
    <TDSRATE>0</TDSRATE>
    <TAXCLASSIFICATION>0</TAXCLASSIFICATION>
    <STCATEGORY>0</STCATEGORY>
    <DEDUCTEETYPE>0</DEDUCTEETYPE>
    <ATTENDANCETYPE>0</ATTENDANCETYPE>
    <FBTCATEGORY>0</FBTCATEGORY>
    <FBTASSESSEETYPE>0</FBTASSESSEETYPE>
    <TARIFFCLASSIFICATION>0</TARIFFCLASSIFICATION>
    <EXCISEDUTYCLASSIFICATION>0</EXCISEDUTYCLASSIFICATION>
    <SERIALNUMBER>0</SERIALNUMBER>
    <ADJUSTMENTCLASSIFICATION>0</ADJUSTMENTCLASSIFICATION>
    <INCOMETAXSLAB>0</INCOMETAXSLAB>
    <INCOMETAXCLASSIFICATION>0</INCOMETAXCLASSIFICATION>
    <VOUCHER>0</VOUCHER>
   </CMPINFO>
  </DESC>
 </BODY>
</ENVELOPE>





06/01/2012  09:20:28 AM
Error-->>TallySynchronizer.TallyException: <ENVELOPE>
 <HEADER>
  <VERSION>1</VERSION>
  <STATUS>1</STATUS>
 </HEADER>
 <BODY>
  <DATA>
   <IMPORTRESULT>
    <CREATED>0</CREATED>
    <ALTERED>1</ALTERED>
    <LASTVCHID>0</LASTVCHID>
    <LASTMID>0</LASTMID>
    <COMBINED>0</COMBINED>
    <IGNORED>0</IGNORED>
    <ERRORS>0</ERRORS>
   </IMPORTRESULT>
  </DATA>
  <DESC>
   <CMPINFO>
    <COMPANY>0</COMPANY>
    <GROUP>0</GROUP>
    <LEDGER>4</LEDGER>
    <COSTCATEGORY>0</COSTCATEGORY>
    <COSTCENTRE>0</COSTCENTRE>
    <GODOWN>0</GODOWN>
    <STOCKGROUP>0</STOCKGROUP>
    <STOCKCATEGORY>0</STOCKCATEGORY>
    <STOCKITEM>0</STOCKITEM>
    <VOUCHERTYPE>0</VOUCHERTYPE>
    <CURRENCY>0</CURRENCY>
    <UNIT>0</UNIT>
    <BUDGET>0</BUDGET>
    <CLIENTRULE>0</CLIENTRULE>
    <SERVERRULE>0</SERVERRULE>
    <STATE>0</STATE>
    <TDSRATE>0</TDSRATE>
    <TAXCLASSIFICATION>0</TAXCLASSIFICATION>
    <STCATEGORY>0</STCATEGORY>
    <DEDUCTEETYPE>0</DEDUCTEETYPE>
    <ATTENDANCETYPE>0</ATTENDANCETYPE>
    <FBTCATEGORY>0</FBTCATEGORY>
    <FBTASSESSEETYPE>0</FBTASSESSEETYPE>
    <TARIFFCLASSIFICATION>0</TARIFFCLASSIFICATION>
    <EXCISEDUTYCLASSIFICATION>0</EXCISEDUTYCLASSIFICATION>
    <SERIALNUMBER>0</SERIALNUMBER>
    <ADJUSTMENTCLASSIFICATION>0</ADJUSTMENTCLASSIFICATION>
    <INCOMETAXSLAB>0</INCOMETAXSLAB>
    <INCOMETAXCLASSIFICATION>0</INCOMETAXCLASSIFICATION>
    <VOUCHER>0</VOUCHER>
   </CMPINFO>
  </DESC>
 </BODY>
</ENVELOPE>

Response
<ENVELOPE><HEADER><VERSION>1</VERSION><TALLYREQUEST>Import</TALLYREQUEST><TYPE>Data</TYPE><ID>All Masters</ID></HEADER><BODY><DESC><STATICVARIABLES><SVCURRENTCOMPANY>CMS</SVCURRENTCOMPANY><IMPORTDUPS>@@DupIgnoreCombine</IMPORTDUPS></STATICVARIABLES></DESC><DATA><TALLYMESSAGE><LEDGER NAME="Service Tax@10%"><PARENT>Direct Incomes</PARENT><LANGUAGENAME.LIST><NAME.LIST TYPE="String"><NAME>Service Tax@10%</NAME><NAME>SRV</NAME></NAME.LIST></LANGUAGENAME.LIST></LEDGER></TALLYMESSAGE></DATA></BODY></ENVELOPE>
		Ledger Name : Service Tax@10%
Alias Name : SRV

 Request XML 
<ENVELOPE><HEADER><VERSION>1</VERSION><TALLYREQUEST>Import</TALLYREQUEST><TYPE>Data</TYPE><ID>All Masters</ID></HEADER><BODY><DESC><STATICVARIABLES><SVCURRENTCOMPANY>CMS</SVCURRENTCOMPANY><IMPORTDUPS>@@DupIgnoreCombine</IMPORTDUPS></STATICVARIABLES></DESC><DATA><TALLYMESSAGE><LEDGER NAME="Service Tax@10%"><PARENT>Direct Incomes</PARENT><LANGUAGENAME.LIST><NAME.LIST TYPE="String"><NAME>Service Tax@10%</NAME><NAME>SRV</NAME></NAME.LIST></LANGUAGENAME.LIST></LEDGER></TALLYMESSAGE></DATA></BODY></ENVELOPE>

 Response XML 
<ENVELOPE>
 <HEADER>
  <VERSION>1</VERSION>
  <STATUS>1</STATUS>
 </HEADER>
 <BODY>
  <DATA>
   <IMPORTRESULT>
    <CREATED>0</CREATED>
    <ALTERED>1</ALTERED>
    <LASTVCHID>0</LASTVCHID>
    <LASTMID>0</LASTMID>
    <COMBINED>0</COMBINED>
    <IGNORED>0</IGNORED>
    <ERRORS>0</ERRORS>
   </IMPORTRESULT>
  </DATA>
  <DESC>
   <CMPINFO>
    <COMPANY>0</COMPANY>
    <GROUP>0</GROUP>
    <LEDGER>4</LEDGER>
    <COSTCATEGORY>0</COSTCATEGORY>
    <COSTCENTRE>0</COSTCENTRE>
    <GODOWN>0</GODOWN>
    <STOCKGROUP>0</STOCKGROUP>
    <STOCKCATEGORY>0</STOCKCATEGORY>
    <STOCKITEM>0</STOCKITEM>
    <VOUCHERTYPE>0</VOUCHERTYPE>
    <CURRENCY>0</CURRENCY>
    <UNIT>0</UNIT>
    <BUDGET>0</BUDGET>
    <CLIENTRULE>0</CLIENTRULE>
    <SERVERRULE>0</SERVERRULE>
    <STATE>0</STATE>
    <TDSRATE>0</TDSRATE>
    <TAXCLASSIFICATION>0</TAXCLASSIFICATION>
    <STCATEGORY>0</STCATEGORY>
    <DEDUCTEETYPE>0</DEDUCTEETYPE>
    <ATTENDANCETYPE>0</ATTENDANCETYPE>
    <FBTCATEGORY>0</FBTCATEGORY>
    <FBTASSESSEETYPE>0</FBTASSESSEETYPE>
    <TARIFFCLASSIFICATION>0</TARIFFCLASSIFICATION>
    <EXCISEDUTYCLASSIFICATION>0</EXCISEDUTYCLASSIFICATION>
    <SERIALNUMBER>0</SERIALNUMBER>
    <ADJUSTMENTCLASSIFICATION>0</ADJUSTMENTCLASSIFICATION>
    <INCOMETAXSLAB>0</INCOMETAXSLAB>
    <INCOMETAXCLASSIFICATION>0</INCOMETAXCLASSIFICATION>
    <VOUCHER>0</VOUCHER>
   </CMPINFO>
  </DESC>
 </BODY>
</ENVELOPE>





06/01/2012  09:20:28 AM
Error-->>TallySynchronizer.TallyException: <ENVELOPE>
 <HEADER>
  <VERSION>1</VERSION>
  <STATUS>0</STATUS>
 </HEADER>
 <BODY>
  <DATA>
   <LINEERROR>Duplicate Entry!</LINEERROR>
   <CREATED>0</CREATED>
   <ALTERED>0</ALTERED>
   <LASTVCHID>0</LASTVCHID>
   <LASTMID>0</LASTMID>
   <COMBINED>0</COMBINED>
   <IGNORED>0</IGNORED>
   <ERRORS>1</ERRORS>
  </DATA>
  <DESC>
   <CMPINFO>
    <COMPANY>0</COMPANY>
    <GROUP>0</GROUP>
    <LEDGER>4</LEDGER>
    <COSTCATEGORY>0</COSTCATEGORY>
    <COSTCENTRE>0</COSTCENTRE>
    <GODOWN>0</GODOWN>
    <STOCKGROUP>0</STOCKGROUP>
    <STOCKCATEGORY>0</STOCKCATEGORY>
    <STOCKITEM>0</STOCKITEM>
    <VOUCHERTYPE>0</VOUCHERTYPE>
    <CURRENCY>0</CURRENCY>
    <UNIT>0</UNIT>
    <BUDGET>0</BUDGET>
    <CLIENTRULE>0</CLIENTRULE>
    <SERVERRULE>0</SERVERRULE>
    <STATE>0</STATE>
    <TDSRATE>0</TDSRATE>
    <TAXCLASSIFICATION>0</TAXCLASSIFICATION>
    <STCATEGORY>0</STCATEGORY>
    <DEDUCTEETYPE>0</DEDUCTEETYPE>
    <ATTENDANCETYPE>0</ATTENDANCETYPE>
    <FBTCATEGORY>0</FBTCATEGORY>
    <FBTASSESSEETYPE>0</FBTASSESSEETYPE>
    <TARIFFCLASSIFICATION>0</TARIFFCLASSIFICATION>
    <EXCISEDUTYCLASSIFICATION>0</EXCISEDUTYCLASSIFICATION>
    <SERIALNUMBER>0</SERIALNUMBER>
    <ADJUSTMENTCLASSIFICATION>0</ADJUSTMENTCLASSIFICATION>
    <INCOMETAXSLAB>0</INCOMETAXSLAB>
    <INCOMETAXCLASSIFICATION>0</INCOMETAXCLASSIFICATION>
    <VOUCHER>0</VOUCHER>
   </CMPINFO>
  </DESC>
 </BODY>
</ENVELOPE>

Response
<ENVELOPE><HEADER><VERSION>1</VERSION><TALLYREQUEST>Import</TALLYREQUEST><TYPE>Data</TYPE><ID>All Masters</ID></HEADER><BODY><DESC><STATICVARIABLES><SVCURRENTCOMPANY>CMS</SVCURRENTCOMPANY><IMPORTDUPS>@@DupIgnoreCombine</IMPORTDUPS></STATICVARIABLES></DESC><DATA><TALLYMESSAGE><LEDGER NAME="Green Fees"><PARENT>Direct Incomes</PARENT><LANGUAGENAME.LIST><NAME.LIST TYPE="String"><NAME>Green Fees</NAME><NAME>Green Fees</NAME></NAME.LIST></LANGUAGENAME.LIST></LEDGER></TALLYMESSAGE></DATA></BODY></ENVELOPE>
		Ledger Name : Green Fees
Alias Name : Green Fees

 Request XML 
<ENVELOPE><HEADER><VERSION>1</VERSION><TALLYREQUEST>Import</TALLYREQUEST><TYPE>Data</TYPE><ID>All Masters</ID></HEADER><BODY><DESC><STATICVARIABLES><SVCURRENTCOMPANY>CMS</SVCURRENTCOMPANY><IMPORTDUPS>@@DupIgnoreCombine</IMPORTDUPS></STATICVARIABLES></DESC><DATA><TALLYMESSAGE><LEDGER NAME="Green Fees"><PARENT>Direct Incomes</PARENT><LANGUAGENAME.LIST><NAME.LIST TYPE="String"><NAME>Green Fees</NAME><NAME>Green Fees</NAME></NAME.LIST></LANGUAGENAME.LIST></LEDGER></TALLYMESSAGE></DATA></BODY></ENVELOPE>

 Response XML 
<ENVELOPE>
 <HEADER>
  <VERSION>1</VERSION>
  <STATUS>0</STATUS>
 </HEADER>
 <BODY>
  <DATA>
   <LINEERROR>Duplicate Entry!</LINEERROR>
   <CREATED>0</CREATED>
   <ALTERED>0</ALTERED>
   <LASTVCHID>0</LASTVCHID>
   <LASTMID>0</LASTMID>
   <COMBINED>0</COMBINED>
   <IGNORED>0</IGNORED>
   <ERRORS>1</ERRORS>
  </DATA>
  <DESC>
   <CMPINFO>
    <COMPANY>0</COMPANY>
    <GROUP>0</GROUP>
    <LEDGER>4</LEDGER>
    <COSTCATEGORY>0</COSTCATEGORY>
    <COSTCENTRE>0</COSTCENTRE>
    <GODOWN>0</GODOWN>
    <STOCKGROUP>0</STOCKGROUP>
    <STOCKCATEGORY>0</STOCKCATEGORY>
    <STOCKITEM>0</STOCKITEM>
    <VOUCHERTYPE>0</VOUCHERTYPE>
    <CURRENCY>0</CURRENCY>
    <UNIT>0</UNIT>
    <BUDGET>0</BUDGET>
    <CLIENTRULE>0</CLIENTRULE>
    <SERVERRULE>0</SERVERRULE>
    <STATE>0</STATE>
    <TDSRATE>0</TDSRATE>
    <TAXCLASSIFICATION>0</TAXCLASSIFICATION>
    <STCATEGORY>0</STCATEGORY>
    <DEDUCTEETYPE>0</DEDUCTEETYPE>
    <ATTENDANCETYPE>0</ATTENDANCETYPE>
    <FBTCATEGORY>0</FBTCATEGORY>
    <FBTASSESSEETYPE>0</FBTASSESSEETYPE>
    <TARIFFCLASSIFICATION>0</TARIFFCLASSIFICATION>
    <EXCISEDUTYCLASSIFICATION>0</EXCISEDUTYCLASSIFICATION>
    <SERIALNUMBER>0</SERIALNUMBER>
    <ADJUSTMENTCLASSIFICATION>0</ADJUSTMENTCLASSIFICATION>
    <INCOMETAXSLAB>0</INCOMETAXSLAB>
    <INCOMETAXCLASSIFICATION>0</INCOMETAXCLASSIFICATION>
    <VOUCHER>0</VOUCHER>
   </CMPINFO>
  </DESC>
 </BODY>
</ENVELOPE>





06/01/2012  09:20:31 AM
Error-->>TallySynchronizer.TallyException: Ledger Not Found
		

Request 
<ENVELOPE>
<HEADER>
<VERSION>1</VERSION>
<TALLYREQUEST>Import</TALLYREQUEST>
<TYPE>Data</TYPE>
<ID>All Masters</ID>
</HEADER>
<BODY>
<DESC>
<STATICVARIABLES>
<SVCURRENTCOMPANY>CMS</SVCURRENTCOMPANY>
<IMPORTDUPS>@@DupIgnoreCombine</IMPORTDUPS>
</STATICVARIABLES>
</DESC>
<DATA>
<TALLYMESSAGE>
<VOUCHER DATE="20120105" TAGNAME = "Reference" TAGVALUE="149PAY" Action="Alter">
<DATE>20120105</DATE>
<NARRATION>[149PAY][172] ToWards : ledger cheq Cheque : [State Bank of India/BTM layout/55555]</NARRATION>
<VOUCHERTYPENAME>Receipt</VOUCHERTYPENAME>
<VOUCHERNUMBER>149PAY</VOUCHERNUMBER>
<REFERENCE>149PAY</REFERENCE>
<ALLLEDGERENTRIES.LIST>
<LEDGERNAME>TESTACCOUNT(TST)</LEDGERNAME>
<ISDEEMEDPOSITIVE>No</ISDEEMEDPOSITIVE>
<AMOUNT>1200</AMOUNT>
</ALLLEDGERENTRIES.LIST>
<ALLLEDGERENTRIES.LIST>
<LEDGERNAME>SRV</LEDGERNAME>
<ISDEEMEDPOSITIVE>Yes</ISDEEMEDPOSITIVE>
<AMOUNT>-600</AMOUNT>
</ALLLEDGERENTRIES.LIST>
<ALLLEDGERENTRIES.LIST>
<LEDGERNAME>Green Fees</LEDGERNAME>
<ISDEEMEDPOSITIVE>Yes</ISDEEMEDPOSITIVE>
<AMOUNT>-600</AMOUNT>
</ALLLEDGERENTRIES.LIST>

</VOUCHER>
</TALLYMESSAGE>
</DATA>
</BODY>
</ENVELOPE>

Response 
<ENVELOPE>
 <HEADER>
  <VERSION>1</VERSION>
  <STATUS>0</STATUS>
 </HEADER>
 <BODY>
  <DATA>
   <LINEERROR>Ledger &apos;Green Fees&apos; does not exist!</LINEERROR>
   <CREATED>0</CREATED>
   <ALTERED>0</ALTERED>
   <LASTVCHID>0</LASTVCHID>
   <LASTMID>0</LASTMID>
   <COMBINED>0</COMBINED>
   <IGNORED>0</IGNORED>
   <ERRORS>1</ERRORS>
  </DATA>
  <DESC>
   <CMPINFO>
    <COMPANY>0</COMPANY>
    <GROUP>0</GROUP>
    <LEDGER>4</LEDGER>
    <COSTCATEGORY>0</COSTCATEGORY>
    <COSTCENTRE>0</COSTCENTRE>
    <GODOWN>0</GODOWN>
    <STOCKGROUP>0</STOCKGROUP>
    <STOCKCATEGORY>0</STOCKCATEGORY>
    <STOCKITEM>0</STOCKITEM>
    <VOUCHERTYPE>0</VOUCHERTYPE>
    <CURRENCY>0</CURRENCY>
    <UNIT>0</UNIT>
    <BUDGET>0</BUDGET>
    <CLIENTRULE>0</CLIENTRULE>
    <SERVERRULE>0</SERVERRULE>
    <STATE>0</STATE>
    <TDSRATE>0</TDSRATE>
    <TAXCLASSIFICATION>0</TAXCLASSIFICATION>
    <STCATEGORY>0</STCATEGORY>
    <DEDUCTEETYPE>0</DEDUCTEETYPE>
    <ATTENDANCETYPE>0</ATTENDANCETYPE>
    <FBTCATEGORY>0</FBTCATEGORY>
    <FBTASSESSEETYPE>0</FBTASSESSEETYPE>
    <TARIFFCLASSIFICATION>0</TARIFFCLASSIFICATION>
    <EXCISEDUTYCLASSIFICATION>0</EXCISEDUTYCLASSIFICATION>
    <SERIALNUMBER>0</SERIALNUMBER>
    <ADJUSTMENTCLASSIFICATION>0</ADJUSTMENTCLASSIFICATION>
    <INCOMETAXSLAB>0</INCOMETAXSLAB>
    <INCOMETAXCLASSIFICATION>0</INCOMETAXCLASSIFICATION>
    <VOUCHER>0</VOUCHER>
   </CMPINFO>
  </DESC>
 </BODY>
</ENVELOPE>



06/01/2012  09:20:31 AM
Error-->>TallySynchronizer.TallyException: <ENVELOPE>
 <HEADER>
  <VERSION>1</VERSION>
  <STATUS>1</STATUS>
 </HEADER>
 <BODY>
  <DATA>
   <IMPORTRESULT>
    <CREATED>0</CREATED>
    <ALTERED>1</ALTERED>
    <LASTVCHID>0</LASTVCHID>
    <LASTMID>0</LASTMID>
    <COMBINED>0</COMBINED>
    <IGNORED>0</IGNORED>
    <ERRORS>0</ERRORS>
   </IMPORTRESULT>
  </DATA>
  <DESC>
   <CMPINFO>
    <COMPANY>0</COMPANY>
    <GROUP>0</GROUP>
    <LEDGER>5</LEDGER>
    <COSTCATEGORY>0</COSTCATEGORY>
    <COSTCENTRE>0</COSTCENTRE>
    <GODOWN>0</GODOWN>
    <STOCKGROUP>0</STOCKGROUP>
    <STOCKCATEGORY>0</STOCKCATEGORY>
    <STOCKITEM>0</STOCKITEM>
    <VOUCHERTYPE>0</VOUCHERTYPE>
    <CURRENCY>0</CURRENCY>
    <UNIT>0</UNIT>
    <BUDGET>0</BUDGET>
    <CLIENTRULE>0</CLIENTRULE>
    <SERVERRULE>0</SERVERRULE>
    <STATE>0</STATE>
    <TDSRATE>0</TDSRATE>
    <TAXCLASSIFICATION>0</TAXCLASSIFICATION>
    <STCATEGORY>0</STCATEGORY>
    <DEDUCTEETYPE>0</DEDUCTEETYPE>
    <ATTENDANCETYPE>0</ATTENDANCETYPE>
    <FBTCATEGORY>0</FBTCATEGORY>
    <FBTASSESSEETYPE>0</FBTASSESSEETYPE>
    <TARIFFCLASSIFICATION>0</TARIFFCLASSIFICATION>
    <EXCISEDUTYCLASSIFICATION>0</EXCISEDUTYCLASSIFICATION>
    <SERIALNUMBER>0</SERIALNUMBER>
    <ADJUSTMENTCLASSIFICATION>0</ADJUSTMENTCLASSIFICATION>
    <INCOMETAXSLAB>0</INCOMETAXSLAB>
    <INCOMETAXCLASSIFICATION>0</INCOMETAXCLASSIFICATION>
    <VOUCHER>0</VOUCHER>
   </CMPINFO>
  </DESC>
 </BODY>
</ENVELOPE>

Response
<ENVELOPE><HEADER><VERSION>1</VERSION><TALLYREQUEST>Import</TALLYREQUEST><TYPE>Data</TYPE><ID>All Masters</ID></HEADER><BODY><DESC><STATICVARIABLES><SVCURRENTCOMPANY>CMS</SVCURRENTCOMPANY><IMPORTDUPS>@@DupIgnoreCombine</IMPORTDUPS></STATICVARIABLES></DESC><DATA><TALLYMESSAGE><LEDGER NAME="TEST ACCOUNT"><PARENT>Direct Incomes</PARENT><LANGUAGENAME.LIST><NAME.LIST TYPE="String"><NAME>TEST ACCOUNT</NAME><NAME>TESTACCOUNT(TST)</NAME></NAME.LIST></LANGUAGENAME.LIST></LEDGER></TALLYMESSAGE></DATA></BODY></ENVELOPE>
		Ledger Name : TEST ACCOUNT
Alias Name : TESTACCOUNT(TST)

 Request XML 
<ENVELOPE><HEADER><VERSION>1</VERSION><TALLYREQUEST>Import</TALLYREQUEST><TYPE>Data</TYPE><ID>All Masters</ID></HEADER><BODY><DESC><STATICVARIABLES><SVCURRENTCOMPANY>CMS</SVCURRENTCOMPANY><IMPORTDUPS>@@DupIgnoreCombine</IMPORTDUPS></STATICVARIABLES></DESC><DATA><TALLYMESSAGE><LEDGER NAME="TEST ACCOUNT"><PARENT>Direct Incomes</PARENT><LANGUAGENAME.LIST><NAME.LIST TYPE="String"><NAME>TEST ACCOUNT</NAME><NAME>TESTACCOUNT(TST)</NAME></NAME.LIST></LANGUAGENAME.LIST></LEDGER></TALLYMESSAGE></DATA></BODY></ENVELOPE>

 Response XML 
<ENVELOPE>
 <HEADER>
  <VERSION>1</VERSION>
  <STATUS>1</STATUS>
 </HEADER>
 <BODY>
  <DATA>
   <IMPORTRESULT>
    <CREATED>0</CREATED>
    <ALTERED>1</ALTERED>
    <LASTVCHID>0</LASTVCHID>
    <LASTMID>0</LASTMID>
    <COMBINED>0</COMBINED>
    <IGNORED>0</IGNORED>
    <ERRORS>0</ERRORS>
   </IMPORTRESULT>
  </DATA>
  <DESC>
   <CMPINFO>
    <COMPANY>0</COMPANY>
    <GROUP>0</GROUP>
    <LEDGER>5</LEDGER>
    <COSTCATEGORY>0</COSTCATEGORY>
    <COSTCENTRE>0</COSTCENTRE>
    <GODOWN>0</GODOWN>
    <STOCKGROUP>0</STOCKGROUP>
    <STOCKCATEGORY>0</STOCKCATEGORY>
    <STOCKITEM>0</STOCKITEM>
    <VOUCHERTYPE>0</VOUCHERTYPE>
    <CURRENCY>0</CURRENCY>
    <UNIT>0</UNIT>
    <BUDGET>0</BUDGET>
    <CLIENTRULE>0</CLIENTRULE>
    <SERVERRULE>0</SERVERRULE>
    <STATE>0</STATE>
    <TDSRATE>0</TDSRATE>
    <TAXCLASSIFICATION>0</TAXCLASSIFICATION>
    <STCATEGORY>0</STCATEGORY>
    <DEDUCTEETYPE>0</DEDUCTEETYPE>
    <ATTENDANCETYPE>0</ATTENDANCETYPE>
    <FBTCATEGORY>0</FBTCATEGORY>
    <FBTASSESSEETYPE>0</FBTASSESSEETYPE>
    <TARIFFCLASSIFICATION>0</TARIFFCLASSIFICATION>
    <EXCISEDUTYCLASSIFICATION>0</EXCISEDUTYCLASSIFICATION>
    <SERIALNUMBER>0</SERIALNUMBER>
    <ADJUSTMENTCLASSIFICATION>0</ADJUSTMENTCLASSIFICATION>
    <INCOMETAXSLAB>0</INCOMETAXSLAB>
    <INCOMETAXCLASSIFICATION>0</INCOMETAXCLASSIFICATION>
    <VOUCHER>0</VOUCHER>
   </CMPINFO>
  </DESC>
 </BODY>
</ENVELOPE>





06/01/2012  09:20:32 AM
Error-->>TallySynchronizer.TallyException: <ENVELOPE>
 <HEADER>
  <VERSION>1</VERSION>
  <STATUS>1</STATUS>
 </HEADER>
 <BODY>
  <DATA>
   <IMPORTRESULT>
    <CREATED>0</CREATED>
    <ALTERED>1</ALTERED>
    <LASTVCHID>0</LASTVCHID>
    <LASTMID>0</LASTMID>
    <COMBINED>0</COMBINED>
    <IGNORED>0</IGNORED>
    <ERRORS>0</ERRORS>
   </IMPORTRESULT>
  </DATA>
  <DESC>
   <CMPINFO>
    <COMPANY>0</COMPANY>
    <GROUP>0</GROUP>
    <LEDGER>6</LEDGER>
    <COSTCATEGORY>0</COSTCATEGORY>
    <COSTCENTRE>0</COSTCENTRE>
    <GODOWN>0</GODOWN>
    <STOCKGROUP>0</STOCKGROUP>
    <STOCKCATEGORY>0</STOCKCATEGORY>
    <STOCKITEM>0</STOCKITEM>
    <VOUCHERTYPE>0</VOUCHERTYPE>
    <CURRENCY>0</CURRENCY>
    <UNIT>0</UNIT>
    <BUDGET>0</BUDGET>
    <CLIENTRULE>0</CLIENTRULE>
    <SERVERRULE>0</SERVERRULE>
    <STATE>0</STATE>
    <TDSRATE>0</TDSRATE>
    <TAXCLASSIFICATION>0</TAXCLASSIFICATION>
    <STCATEGORY>0</STCATEGORY>
    <DEDUCTEETYPE>0</DEDUCTEETYPE>
    <ATTENDANCETYPE>0</ATTENDANCETYPE>
    <FBTCATEGORY>0</FBTCATEGORY>
    <FBTASSESSEETYPE>0</FBTASSESSEETYPE>
    <TARIFFCLASSIFICATION>0</TARIFFCLASSIFICATION>
    <EXCISEDUTYCLASSIFICATION>0</EXCISEDUTYCLASSIFICATION>
    <SERIALNUMBER>0</SERIALNUMBER>
    <ADJUSTMENTCLASSIFICATION>0</ADJUSTMENTCLASSIFICATION>
    <INCOMETAXSLAB>0</INCOMETAXSLAB>
    <INCOMETAXCLASSIFICATION>0</INCOMETAXCLASSIFICATION>
    <VOUCHER>0</VOUCHER>
   </CMPINFO>
  </DESC>
 </BODY>
</ENVELOPE>

Response
<ENVELOPE><HEADER><VERSION>1</VERSION><TALLYREQUEST>Import</TALLYREQUEST><TYPE>Data</TYPE><ID>All Masters</ID></HEADER><BODY><DESC><STATICVARIABLES><SVCURRENTCOMPANY>CMS</SVCURRENTCOMPANY><IMPORTDUPS>@@DupIgnoreCombine</IMPORTDUPS></STATICVARIABLES></DESC><DATA><TALLYMESSAGE><LEDGER NAME="Service Tax@10%"><PARENT>Direct Incomes</PARENT><LANGUAGENAME.LIST><NAME.LIST TYPE="String"><NAME>Service Tax@10%</NAME><NAME>SRV</NAME></NAME.LIST></LANGUAGENAME.LIST></LEDGER></TALLYMESSAGE></DATA></BODY></ENVELOPE>
		Ledger Name : Service Tax@10%
Alias Name : SRV

 Request XML 
<ENVELOPE><HEADER><VERSION>1</VERSION><TALLYREQUEST>Import</TALLYREQUEST><TYPE>Data</TYPE><ID>All Masters</ID></HEADER><BODY><DESC><STATICVARIABLES><SVCURRENTCOMPANY>CMS</SVCURRENTCOMPANY><IMPORTDUPS>@@DupIgnoreCombine</IMPORTDUPS></STATICVARIABLES></DESC><DATA><TALLYMESSAGE><LEDGER NAME="Service Tax@10%"><PARENT>Direct Incomes</PARENT><LANGUAGENAME.LIST><NAME.LIST TYPE="String"><NAME>Service Tax@10%</NAME><NAME>SRV</NAME></NAME.LIST></LANGUAGENAME.LIST></LEDGER></TALLYMESSAGE></DATA></BODY></ENVELOPE>

 Response XML 
<ENVELOPE>
 <HEADER>
  <VERSION>1</VERSION>
  <STATUS>1</STATUS>
 </HEADER>
 <BODY>
  <DATA>
   <IMPORTRESULT>
    <CREATED>0</CREATED>
    <ALTERED>1</ALTERED>
    <LASTVCHID>0</LASTVCHID>
    <LASTMID>0</LASTMID>
    <COMBINED>0</COMBINED>
    <IGNORED>0</IGNORED>
    <ERRORS>0</ERRORS>
   </IMPORTRESULT>
  </DATA>
  <DESC>
   <CMPINFO>
    <COMPANY>0</COMPANY>
    <GROUP>0</GROUP>
    <LEDGER>6</LEDGER>
    <COSTCATEGORY>0</COSTCATEGORY>
    <COSTCENTRE>0</COSTCENTRE>
    <GODOWN>0</GODOWN>
    <STOCKGROUP>0</STOCKGROUP>
    <STOCKCATEGORY>0</STOCKCATEGORY>
    <STOCKITEM>0</STOCKITEM>
    <VOUCHERTYPE>0</VOUCHERTYPE>
    <CURRENCY>0</CURRENCY>
    <UNIT>0</UNIT>
    <BUDGET>0</BUDGET>
    <CLIENTRULE>0</CLIENTRULE>
    <SERVERRULE>0</SERVERRULE>
    <STATE>0</STATE>
    <TDSRATE>0</TDSRATE>
    <TAXCLASSIFICATION>0</TAXCLASSIFICATION>
    <STCATEGORY>0</STCATEGORY>
    <DEDUCTEETYPE>0</DEDUCTEETYPE>
    <ATTENDANCETYPE>0</ATTENDANCETYPE>
    <FBTCATEGORY>0</FBTCATEGORY>
    <FBTASSESSEETYPE>0</FBTASSESSEETYPE>
    <TARIFFCLASSIFICATION>0</TARIFFCLASSIFICATION>
    <EXCISEDUTYCLASSIFICATION>0</EXCISEDUTYCLASSIFICATION>
    <SERIALNUMBER>0</SERIALNUMBER>
    <ADJUSTMENTCLASSIFICATION>0</ADJUSTMENTCLASSIFICATION>
    <INCOMETAXSLAB>0</INCOMETAXSLAB>
    <INCOMETAXCLASSIFICATION>0</INCOMETAXCLASSIFICATION>
    <VOUCHER>0</VOUCHER>
   </CMPINFO>
  </DESC>
 </BODY>
</ENVELOPE>





06/01/2012  09:20:32 AM
Error-->>TallySynchronizer.TallyException: <ENVELOPE>
 <HEADER>
  <VERSION>1</VERSION>
  <STATUS>0</STATUS>
 </HEADER>
 <BODY>
  <DATA>
   <LINEERROR>Duplicate Entry!</LINEERROR>
   <CREATED>0</CREATED>
   <ALTERED>0</ALTERED>
   <LASTVCHID>0</LASTVCHID>
   <LASTMID>0</LASTMID>
   <COMBINED>0</COMBINED>
   <IGNORED>0</IGNORED>
   <ERRORS>1</ERRORS>
  </DATA>
  <DESC>
   <CMPINFO>
    <COMPANY>0</COMPANY>
    <GROUP>0</GROUP>
    <LEDGER>6</LEDGER>
    <COSTCATEGORY>0</COSTCATEGORY>
    <COSTCENTRE>0</COSTCENTRE>
    <GODOWN>0</GODOWN>
    <STOCKGROUP>0</STOCKGROUP>
    <STOCKCATEGORY>0</STOCKCATEGORY>
    <STOCKITEM>0</STOCKITEM>
    <VOUCHERTYPE>0</VOUCHERTYPE>
    <CURRENCY>0</CURRENCY>
    <UNIT>0</UNIT>
    <BUDGET>0</BUDGET>
    <CLIENTRULE>0</CLIENTRULE>
    <SERVERRULE>0</SERVERRULE>
    <STATE>0</STATE>
    <TDSRATE>0</TDSRATE>
    <TAXCLASSIFICATION>0</TAXCLASSIFICATION>
    <STCATEGORY>0</STCATEGORY>
    <DEDUCTEETYPE>0</DEDUCTEETYPE>
    <ATTENDANCETYPE>0</ATTENDANCETYPE>
    <FBTCATEGORY>0</FBTCATEGORY>
    <FBTASSESSEETYPE>0</FBTASSESSEETYPE>
    <TARIFFCLASSIFICATION>0</TARIFFCLASSIFICATION>
    <EXCISEDUTYCLASSIFICATION>0</EXCISEDUTYCLASSIFICATION>
    <SERIALNUMBER>0</SERIALNUMBER>
    <ADJUSTMENTCLASSIFICATION>0</ADJUSTMENTCLASSIFICATION>
    <INCOMETAXSLAB>0</INCOMETAXSLAB>
    <INCOMETAXCLASSIFICATION>0</INCOMETAXCLASSIFICATION>
    <VOUCHER>0</VOUCHER>
   </CMPINFO>
  </DESC>
 </BODY>
</ENVELOPE>

Response
<ENVELOPE><HEADER><VERSION>1</VERSION><TALLYREQUEST>Import</TALLYREQUEST><TYPE>Data</TYPE><ID>All Masters</ID></HEADER><BODY><DESC><STATICVARIABLES><SVCURRENTCOMPANY>CMS</SVCURRENTCOMPANY><IMPORTDUPS>@@DupIgnoreCombine</IMPORTDUPS></STATICVARIABLES></DESC><DATA><TALLYMESSAGE><LEDGER NAME="Green Fees"><PARENT>Direct Incomes</PARENT><LANGUAGENAME.LIST><NAME.LIST TYPE="String"><NAME>Green Fees</NAME><NAME>Green Fees</NAME></NAME.LIST></LANGUAGENAME.LIST></LEDGER></TALLYMESSAGE></DATA></BODY></ENVELOPE>
		Ledger Name : Green Fees
Alias Name : Green Fees

 Request XML 
<ENVELOPE><HEADER><VERSION>1</VERSION><TALLYREQUEST>Import</TALLYREQUEST><TYPE>Data</TYPE><ID>All Masters</ID></HEADER><BODY><DESC><STATICVARIABLES><SVCURRENTCOMPANY>CMS</SVCURRENTCOMPANY><IMPORTDUPS>@@DupIgnoreCombine</IMPORTDUPS></STATICVARIABLES></DESC><DATA><TALLYMESSAGE><LEDGER NAME="Green Fees"><PARENT>Direct Incomes</PARENT><LANGUAGENAME.LIST><NAME.LIST TYPE="String"><NAME>Green Fees</NAME><NAME>Green Fees</NAME></NAME.LIST></LANGUAGENAME.LIST></LEDGER></TALLYMESSAGE></DATA></BODY></ENVELOPE>

 Response XML 
<ENVELOPE>
 <HEADER>
  <VERSION>1</VERSION>
  <STATUS>0</STATUS>
 </HEADER>
 <BODY>
  <DATA>
   <LINEERROR>Duplicate Entry!</LINEERROR>
   <CREATED>0</CREATED>
   <ALTERED>0</ALTERED>
   <LASTVCHID>0</LASTVCHID>
   <LASTMID>0</LASTMID>
   <COMBINED>0</COMBINED>
   <IGNORED>0</IGNORED>
   <ERRORS>1</ERRORS>
  </DATA>
  <DESC>
   <CMPINFO>
    <COMPANY>0</COMPANY>
    <GROUP>0</GROUP>
    <LEDGER>6</LEDGER>
    <COSTCATEGORY>0</COSTCATEGORY>
    <COSTCENTRE>0</COSTCENTRE>
    <GODOWN>0</GODOWN>
    <STOCKGROUP>0</STOCKGROUP>
    <STOCKCATEGORY>0</STOCKCATEGORY>
    <STOCKITEM>0</STOCKITEM>
    <VOUCHERTYPE>0</VOUCHERTYPE>
    <CURRENCY>0</CURRENCY>
    <UNIT>0</UNIT>
    <BUDGET>0</BUDGET>
    <CLIENTRULE>0</CLIENTRULE>
    <SERVERRULE>0</SERVERRULE>
    <STATE>0</STATE>
    <TDSRATE>0</TDSRATE>
    <TAXCLASSIFICATION>0</TAXCLASSIFICATION>
    <STCATEGORY>0</STCATEGORY>
    <DEDUCTEETYPE>0</DEDUCTEETYPE>
    <ATTENDANCETYPE>0</ATTENDANCETYPE>
    <FBTCATEGORY>0</FBTCATEGORY>
    <FBTASSESSEETYPE>0</FBTASSESSEETYPE>
    <TARIFFCLASSIFICATION>0</TARIFFCLASSIFICATION>
    <EXCISEDUTYCLASSIFICATION>0</EXCISEDUTYCLASSIFICATION>
    <SERIALNUMBER>0</SERIALNUMBER>
    <ADJUSTMENTCLASSIFICATION>0</ADJUSTMENTCLASSIFICATION>
    <INCOMETAXSLAB>0</INCOMETAXSLAB>
    <INCOMETAXCLASSIFICATION>0</INCOMETAXCLASSIFICATION>
    <VOUCHER>0</VOUCHER>
   </CMPINFO>
  </DESC>
 </BODY>
</ENVELOPE>





06/01/2012  09:21:50 AM
Error-->>System.Threading.AbandonedMutexException: The wait completed due to an abandoned mutex.
   at System.Threading.WaitHandle.WaitOne(Int64 timeout, Boolean exitContext)
   at System.Threading.WaitHandle.WaitOne(Int32 millisecondsTimeout, Boolean exitContext)
   at System.Threading.WaitHandle.WaitOne(Int32 millisecondsTimeout)
   at TallySynchronizer.Tally.ExportOffLineTransactions() in D:\TEST\TallySynchronizer\TallyManager.cs:line 122
		


06/01/2012  09:21:57 AM
Error-->>TallySynchronizer.TallyException: Ledger Not Found
		

Request 
<ENVELOPE>
<HEADER>
<VERSION>1</VERSION>
<TALLYREQUEST>Import</TALLYREQUEST>
<TYPE>Data</TYPE>
<ID>All Masters</ID>
</HEADER>
<BODY>
<DESC>
<STATICVARIABLES>
<SVCURRENTCOMPANY>CMS</SVCURRENTCOMPANY>
<IMPORTDUPS>@@DupIgnoreCombine</IMPORTDUPS>
</STATICVARIABLES>
</DESC>
<DATA>
<TALLYMESSAGE>
<VOUCHER DATE="20120105" TAGNAME = "Reference" TAGVALUE="149PAY" Action="Alter">
<DATE>20120105</DATE>
<NARRATION>[149PAY][172] ToWards : ledger cheq Cheque : [State Bank of India/BTM layout/55555]</NARRATION>
<VOUCHERTYPENAME>Receipt</VOUCHERTYPENAME>
<VOUCHERNUMBER>149PAY</VOUCHERNUMBER>
<REFERENCE>149PAY</REFERENCE>
<ALLLEDGERENTRIES.LIST>
<LEDGERNAME>TESTACCOUNT(TST)</LEDGERNAME>
<ISDEEMEDPOSITIVE>No</ISDEEMEDPOSITIVE>
<AMOUNT>1200</AMOUNT>
</ALLLEDGERENTRIES.LIST>
<ALLLEDGERENTRIES.LIST>
<LEDGERNAME>SRV</LEDGERNAME>
<ISDEEMEDPOSITIVE>Yes</ISDEEMEDPOSITIVE>
<AMOUNT>-600</AMOUNT>
</ALLLEDGERENTRIES.LIST>
<ALLLEDGERENTRIES.LIST>
<LEDGERNAME>Green Fees</LEDGERNAME>
<ISDEEMEDPOSITIVE>Yes</ISDEEMEDPOSITIVE>
<AMOUNT>-600</AMOUNT>
</ALLLEDGERENTRIES.LIST>

</VOUCHER>
</TALLYMESSAGE>
</DATA>
</BODY>
</ENVELOPE>

Response 
<ENVELOPE>
 <HEADER>
  <VERSION>1</VERSION>
  <STATUS>0</STATUS>
 </HEADER>
 <BODY>
  <DATA>
   <LINEERROR>Ledger &apos;Green Fees&apos; does not exist!</LINEERROR>
   <CREATED>0</CREATED>
   <ALTERED>0</ALTERED>
   <LASTVCHID>0</LASTVCHID>
   <LASTMID>0</LASTMID>
   <COMBINED>0</COMBINED>
   <IGNORED>0</IGNORED>
   <ERRORS>1</ERRORS>
  </DATA>
  <DESC>
   <CMPINFO>
    <COMPANY>0</COMPANY>
    <GROUP>0</GROUP>
    <LEDGER>6</LEDGER>
    <COSTCATEGORY>0</COSTCATEGORY>
    <COSTCENTRE>0</COSTCENTRE>
    <GODOWN>0</GODOWN>
    <STOCKGROUP>0</STOCKGROUP>
    <STOCKCATEGORY>0</STOCKCATEGORY>
    <STOCKITEM>0</STOCKITEM>
    <VOUCHERTYPE>0</VOUCHERTYPE>
    <CURRENCY>0</CURRENCY>
    <UNIT>0</UNIT>
    <BUDGET>0</BUDGET>
    <CLIENTRULE>0</CLIENTRULE>
    <SERVERRULE>0</SERVERRULE>
    <STATE>0</STATE>
    <TDSRATE>0</TDSRATE>
    <TAXCLASSIFICATION>0</TAXCLASSIFICATION>
    <STCATEGORY>0</STCATEGORY>
    <DEDUCTEETYPE>0</DEDUCTEETYPE>
    <ATTENDANCETYPE>0</ATTENDANCETYPE>
    <FBTCATEGORY>0</FBTCATEGORY>
    <FBTASSESSEETYPE>0</FBTASSESSEETYPE>
    <TARIFFCLASSIFICATION>0</TARIFFCLASSIFICATION>
    <EXCISEDUTYCLASSIFICATION>0</EXCISEDUTYCLASSIFICATION>
    <SERIALNUMBER>0</SERIALNUMBER>
    <ADJUSTMENTCLASSIFICATION>0</ADJUSTMENTCLASSIFICATION>
    <INCOMETAXSLAB>0</INCOMETAXSLAB>
    <INCOMETAXCLASSIFICATION>0</INCOMETAXCLASSIFICATION>
    <VOUCHER>0</VOUCHER>
   </CMPINFO>
  </DESC>
 </BODY>
</ENVELOPE>



06/01/2012  09:21:58 AM
Error-->>TallySynchronizer.TallyException: <ENVELOPE>
 <HEADER>
  <VERSION>1</VERSION>
  <STATUS>1</STATUS>
 </HEADER>
 <BODY>
  <DATA>
   <IMPORTRESULT>
    <CREATED>0</CREATED>
    <ALTERED>1</ALTERED>
    <LASTVCHID>0</LASTVCHID>
    <LASTMID>0</LASTMID>
    <COMBINED>0</COMBINED>
    <IGNORED>0</IGNORED>
    <ERRORS>0</ERRORS>
   </IMPORTRESULT>
  </DATA>
  <DESC>
   <CMPINFO>
    <COMPANY>0</COMPANY>
    <GROUP>0</GROUP>
    <LEDGER>7</LEDGER>
    <COSTCATEGORY>0</COSTCATEGORY>
    <COSTCENTRE>0</COSTCENTRE>
    <GODOWN>0</GODOWN>
    <STOCKGROUP>0</STOCKGROUP>
    <STOCKCATEGORY>0</STOCKCATEGORY>
    <STOCKITEM>0</STOCKITEM>
    <VOUCHERTYPE>0</VOUCHERTYPE>
    <CURRENCY>0</CURRENCY>
    <UNIT>0</UNIT>
    <BUDGET>0</BUDGET>
    <CLIENTRULE>0</CLIENTRULE>
    <SERVERRULE>0</SERVERRULE>
    <STATE>0</STATE>
    <TDSRATE>0</TDSRATE>
    <TAXCLASSIFICATION>0</TAXCLASSIFICATION>
    <STCATEGORY>0</STCATEGORY>
    <DEDUCTEETYPE>0</DEDUCTEETYPE>
    <ATTENDANCETYPE>0</ATTENDANCETYPE>
    <FBTCATEGORY>0</FBTCATEGORY>
    <FBTASSESSEETYPE>0</FBTASSESSEETYPE>
    <TARIFFCLASSIFICATION>0</TARIFFCLASSIFICATION>
    <EXCISEDUTYCLASSIFICATION>0</EXCISEDUTYCLASSIFICATION>
    <SERIALNUMBER>0</SERIALNUMBER>
    <ADJUSTMENTCLASSIFICATION>0</ADJUSTMENTCLASSIFICATION>
    <INCOMETAXSLAB>0</INCOMETAXSLAB>
    <INCOMETAXCLASSIFICATION>0</INCOMETAXCLASSIFICATION>
    <VOUCHER>0</VOUCHER>
   </CMPINFO>
  </DESC>
 </BODY>
</ENVELOPE>

Response
<ENVELOPE><HEADER><VERSION>1</VERSION><TALLYREQUEST>Import</TALLYREQUEST><TYPE>Data</TYPE><ID>All Masters</ID></HEADER><BODY><DESC><STATICVARIABLES><SVCURRENTCOMPANY>CMS</SVCURRENTCOMPANY><IMPORTDUPS>@@DupIgnoreCombine</IMPORTDUPS></STATICVARIABLES></DESC><DATA><TALLYMESSAGE><LEDGER NAME="TEST ACCOUNT"><PARENT>Direct Incomes</PARENT><LANGUAGENAME.LIST><NAME.LIST TYPE="String"><NAME>TEST ACCOUNT</NAME><NAME>TESTACCOUNT(TST)</NAME></NAME.LIST></LANGUAGENAME.LIST></LEDGER></TALLYMESSAGE></DATA></BODY></ENVELOPE>
		Ledger Name : TEST ACCOUNT
Alias Name : TESTACCOUNT(TST)

 Request XML 
<ENVELOPE><HEADER><VERSION>1</VERSION><TALLYREQUEST>Import</TALLYREQUEST><TYPE>Data</TYPE><ID>All Masters</ID></HEADER><BODY><DESC><STATICVARIABLES><SVCURRENTCOMPANY>CMS</SVCURRENTCOMPANY><IMPORTDUPS>@@DupIgnoreCombine</IMPORTDUPS></STATICVARIABLES></DESC><DATA><TALLYMESSAGE><LEDGER NAME="TEST ACCOUNT"><PARENT>Direct Incomes</PARENT><LANGUAGENAME.LIST><NAME.LIST TYPE="String"><NAME>TEST ACCOUNT</NAME><NAME>TESTACCOUNT(TST)</NAME></NAME.LIST></LANGUAGENAME.LIST></LEDGER></TALLYMESSAGE></DATA></BODY></ENVELOPE>

 Response XML 
<ENVELOPE>
 <HEADER>
  <VERSION>1</VERSION>
  <STATUS>1</STATUS>
 </HEADER>
 <BODY>
  <DATA>
   <IMPORTRESULT>
    <CREATED>0</CREATED>
    <ALTERED>1</ALTERED>
    <LASTVCHID>0</LASTVCHID>
    <LASTMID>0</LASTMID>
    <COMBINED>0</COMBINED>
    <IGNORED>0</IGNORED>
    <ERRORS>0</ERRORS>
   </IMPORTRESULT>
  </DATA>
  <DESC>
   <CMPINFO>
    <COMPANY>0</COMPANY>
    <GROUP>0</GROUP>
    <LEDGER>7</LEDGER>
    <COSTCATEGORY>0</COSTCATEGORY>
    <COSTCENTRE>0</COSTCENTRE>
    <GODOWN>0</GODOWN>
    <STOCKGROUP>0</STOCKGROUP>
    <STOCKCATEGORY>0</STOCKCATEGORY>
    <STOCKITEM>0</STOCKITEM>
    <VOUCHERTYPE>0</VOUCHERTYPE>
    <CURRENCY>0</CURRENCY>
    <UNIT>0</UNIT>
    <BUDGET>0</BUDGET>
    <CLIENTRULE>0</CLIENTRULE>
    <SERVERRULE>0</SERVERRULE>
    <STATE>0</STATE>
    <TDSRATE>0</TDSRATE>
    <TAXCLASSIFICATION>0</TAXCLASSIFICATION>
    <STCATEGORY>0</STCATEGORY>
    <DEDUCTEETYPE>0</DEDUCTEETYPE>
    <ATTENDANCETYPE>0</ATTENDANCETYPE>
    <FBTCATEGORY>0</FBTCATEGORY>
    <FBTASSESSEETYPE>0</FBTASSESSEETYPE>
    <TARIFFCLASSIFICATION>0</TARIFFCLASSIFICATION>
    <EXCISEDUTYCLASSIFICATION>0</EXCISEDUTYCLASSIFICATION>
    <SERIALNUMBER>0</SERIALNUMBER>
    <ADJUSTMENTCLASSIFICATION>0</ADJUSTMENTCLASSIFICATION>
    <INCOMETAXSLAB>0</INCOMETAXSLAB>
    <INCOMETAXCLASSIFICATION>0</INCOMETAXCLASSIFICATION>
    <VOUCHER>0</VOUCHER>
   </CMPINFO>
  </DESC>
 </BODY>
</ENVELOPE>





06/01/2012  09:21:59 AM
Error-->>TallySynchronizer.TallyException: <ENVELOPE>
 <HEADER>
  <VERSION>1</VERSION>
  <STATUS>1</STATUS>
 </HEADER>
 <BODY>
  <DATA>
   <IMPORTRESULT>
    <CREATED>0</CREATED>
    <ALTERED>1</ALTERED>
    <LASTVCHID>0</LASTVCHID>
    <LASTMID>0</LASTMID>
    <COMBINED>0</COMBINED>
    <IGNORED>0</IGNORED>
    <ERRORS>0</ERRORS>
   </IMPORTRESULT>
  </DATA>
  <DESC>
   <CMPINFO>
    <COMPANY>0</COMPANY>
    <GROUP>0</GROUP>
    <LEDGER>8</LEDGER>
    <COSTCATEGORY>0</COSTCATEGORY>
    <COSTCENTRE>0</COSTCENTRE>
    <GODOWN>0</GODOWN>
    <STOCKGROUP>0</STOCKGROUP>
    <STOCKCATEGORY>0</STOCKCATEGORY>
    <STOCKITEM>0</STOCKITEM>
    <VOUCHERTYPE>0</VOUCHERTYPE>
    <CURRENCY>0</CURRENCY>
    <UNIT>0</UNIT>
    <BUDGET>0</BUDGET>
    <CLIENTRULE>0</CLIENTRULE>
    <SERVERRULE>0</SERVERRULE>
    <STATE>0</STATE>
    <TDSRATE>0</TDSRATE>
    <TAXCLASSIFICATION>0</TAXCLASSIFICATION>
    <STCATEGORY>0</STCATEGORY>
    <DEDUCTEETYPE>0</DEDUCTEETYPE>
    <ATTENDANCETYPE>0</ATTENDANCETYPE>
    <FBTCATEGORY>0</FBTCATEGORY>
    <FBTASSESSEETYPE>0</FBTASSESSEETYPE>
    <TARIFFCLASSIFICATION>0</TARIFFCLASSIFICATION>
    <EXCISEDUTYCLASSIFICATION>0</EXCISEDUTYCLASSIFICATION>
    <SERIALNUMBER>0</SERIALNUMBER>
    <ADJUSTMENTCLASSIFICATION>0</ADJUSTMENTCLASSIFICATION>
    <INCOMETAXSLAB>0</INCOMETAXSLAB>
    <INCOMETAXCLASSIFICATION>0</INCOMETAXCLASSIFICATION>
    <VOUCHER>0</VOUCHER>
   </CMPINFO>
  </DESC>
 </BODY>
</ENVELOPE>

Response
<ENVELOPE><HEADER><VERSION>1</VERSION><TALLYREQUEST>Import</TALLYREQUEST><TYPE>Data</TYPE><ID>All Masters</ID></HEADER><BODY><DESC><STATICVARIABLES><SVCURRENTCOMPANY>CMS</SVCURRENTCOMPANY><IMPORTDUPS>@@DupIgnoreCombine</IMPORTDUPS></STATICVARIABLES></DESC><DATA><TALLYMESSAGE><LEDGER NAME="Service Tax@10%"><PARENT>Direct Incomes</PARENT><LANGUAGENAME.LIST><NAME.LIST TYPE="String"><NAME>Service Tax@10%</NAME><NAME>SRV</NAME></NAME.LIST></LANGUAGENAME.LIST></LEDGER></TALLYMESSAGE></DATA></BODY></ENVELOPE>
		Ledger Name : Service Tax@10%
Alias Name : SRV

 Request XML 
<ENVELOPE><HEADER><VERSION>1</VERSION><TALLYREQUEST>Import</TALLYREQUEST><TYPE>Data</TYPE><ID>All Masters</ID></HEADER><BODY><DESC><STATICVARIABLES><SVCURRENTCOMPANY>CMS</SVCURRENTCOMPANY><IMPORTDUPS>@@DupIgnoreCombine</IMPORTDUPS></STATICVARIABLES></DESC><DATA><TALLYMESSAGE><LEDGER NAME="Service Tax@10%"><PARENT>Direct Incomes</PARENT><LANGUAGENAME.LIST><NAME.LIST TYPE="String"><NAME>Service Tax@10%</NAME><NAME>SRV</NAME></NAME.LIST></LANGUAGENAME.LIST></LEDGER></TALLYMESSAGE></DATA></BODY></ENVELOPE>

 Response XML 
<ENVELOPE>
 <HEADER>
  <VERSION>1</VERSION>
  <STATUS>1</STATUS>
 </HEADER>
 <BODY>
  <DATA>
   <IMPORTRESULT>
    <CREATED>0</CREATED>
    <ALTERED>1</ALTERED>
    <LASTVCHID>0</LASTVCHID>
    <LASTMID>0</LASTMID>
    <COMBINED>0</COMBINED>
    <IGNORED>0</IGNORED>
    <ERRORS>0</ERRORS>
   </IMPORTRESULT>
  </DATA>
  <DESC>
   <CMPINFO>
    <COMPANY>0</COMPANY>
    <GROUP>0</GROUP>
    <LEDGER>8</LEDGER>
    <COSTCATEGORY>0</COSTCATEGORY>
    <COSTCENTRE>0</COSTCENTRE>
    <GODOWN>0</GODOWN>
    <STOCKGROUP>0</STOCKGROUP>
    <STOCKCATEGORY>0</STOCKCATEGORY>
    <STOCKITEM>0</STOCKITEM>
    <VOUCHERTYPE>0</VOUCHERTYPE>
    <CURRENCY>0</CURRENCY>
    <UNIT>0</UNIT>
    <BUDGET>0</BUDGET>
    <CLIENTRULE>0</CLIENTRULE>
    <SERVERRULE>0</SERVERRULE>
    <STATE>0</STATE>
    <TDSRATE>0</TDSRATE>
    <TAXCLASSIFICATION>0</TAXCLASSIFICATION>
    <STCATEGORY>0</STCATEGORY>
    <DEDUCTEETYPE>0</DEDUCTEETYPE>
    <ATTENDANCETYPE>0</ATTENDANCETYPE>
    <FBTCATEGORY>0</FBTCATEGORY>
    <FBTASSESSEETYPE>0</FBTASSESSEETYPE>
    <TARIFFCLASSIFICATION>0</TARIFFCLASSIFICATION>
    <EXCISEDUTYCLASSIFICATION>0</EXCISEDUTYCLASSIFICATION>
    <SERIALNUMBER>0</SERIALNUMBER>
    <ADJUSTMENTCLASSIFICATION>0</ADJUSTMENTCLASSIFICATION>
    <INCOMETAXSLAB>0</INCOMETAXSLAB>
    <INCOMETAXCLASSIFICATION>0</INCOMETAXCLASSIFICATION>
    <VOUCHER>0</VOUCHER>
   </CMPINFO>
  </DESC>
 </BODY>
</ENVELOPE>





06/01/2012  09:21:59 AM
Error-->>TallySynchronizer.TallyException: <ENVELOPE>
 <HEADER>
  <VERSION>1</VERSION>
  <STATUS>0</STATUS>
 </HEADER>
 <BODY>
  <DATA>
   <LINEERROR>Duplicate Entry!</LINEERROR>
   <CREATED>0</CREATED>
   <ALTERED>0</ALTERED>
   <LASTVCHID>0</LASTVCHID>
   <LASTMID>0</LASTMID>
   <COMBINED>0</COMBINED>
   <IGNORED>0</IGNORED>
   <ERRORS>1</ERRORS>
  </DATA>
  <DESC>
   <CMPINFO>
    <COMPANY>0</COMPANY>
    <GROUP>0</GROUP>
    <LEDGER>8</LEDGER>
    <COSTCATEGORY>0</COSTCATEGORY>
    <COSTCENTRE>0</COSTCENTRE>
    <GODOWN>0</GODOWN>
    <STOCKGROUP>0</STOCKGROUP>
    <STOCKCATEGORY>0</STOCKCATEGORY>
    <STOCKITEM>0</STOCKITEM>
    <VOUCHERTYPE>0</VOUCHERTYPE>
    <CURRENCY>0</CURRENCY>
    <UNIT>0</UNIT>
    <BUDGET>0</BUDGET>
    <CLIENTRULE>0</CLIENTRULE>
    <SERVERRULE>0</SERVERRULE>
    <STATE>0</STATE>
    <TDSRATE>0</TDSRATE>
    <TAXCLASSIFICATION>0</TAXCLASSIFICATION>
    <STCATEGORY>0</STCATEGORY>
    <DEDUCTEETYPE>0</DEDUCTEETYPE>
    <ATTENDANCETYPE>0</ATTENDANCETYPE>
    <FBTCATEGORY>0</FBTCATEGORY>
    <FBTASSESSEETYPE>0</FBTASSESSEETYPE>
    <TARIFFCLASSIFICATION>0</TARIFFCLASSIFICATION>
    <EXCISEDUTYCLASSIFICATION>0</EXCISEDUTYCLASSIFICATION>
    <SERIALNUMBER>0</SERIALNUMBER>
    <ADJUSTMENTCLASSIFICATION>0</ADJUSTMENTCLASSIFICATION>
    <INCOMETAXSLAB>0</INCOMETAXSLAB>
    <INCOMETAXCLASSIFICATION>0</INCOMETAXCLASSIFICATION>
    <VOUCHER>0</VOUCHER>
   </CMPINFO>
  </DESC>
 </BODY>
</ENVELOPE>

Response
<ENVELOPE><HEADER><VERSION>1</VERSION><TALLYREQUEST>Import</TALLYREQUEST><TYPE>Data</TYPE><ID>All Masters</ID></HEADER><BODY><DESC><STATICVARIABLES><SVCURRENTCOMPANY>CMS</SVCURRENTCOMPANY><IMPORTDUPS>@@DupIgnoreCombine</IMPORTDUPS></STATICVARIABLES></DESC><DATA><TALLYMESSAGE><LEDGER NAME="Green Fees"><PARENT>Direct Incomes</PARENT><LANGUAGENAME.LIST><NAME.LIST TYPE="String"><NAME>Green Fees</NAME><NAME>Green Fees</NAME></NAME.LIST></LANGUAGENAME.LIST></LEDGER></TALLYMESSAGE></DATA></BODY></ENVELOPE>
		Ledger Name : Green Fees
Alias Name : Green Fees

 Request XML 
<ENVELOPE><HEADER><VERSION>1</VERSION><TALLYREQUEST>Import</TALLYREQUEST><TYPE>Data</TYPE><ID>All Masters</ID></HEADER><BODY><DESC><STATICVARIABLES><SVCURRENTCOMPANY>CMS</SVCURRENTCOMPANY><IMPORTDUPS>@@DupIgnoreCombine</IMPORTDUPS></STATICVARIABLES></DESC><DATA><TALLYMESSAGE><LEDGER NAME="Green Fees"><PARENT>Direct Incomes</PARENT><LANGUAGENAME.LIST><NAME.LIST TYPE="String"><NAME>Green Fees</NAME><NAME>Green Fees</NAME></NAME.LIST></LANGUAGENAME.LIST></LEDGER></TALLYMESSAGE></DATA></BODY></ENVELOPE>

 Response XML 
<ENVELOPE>
 <HEADER>
  <VERSION>1</VERSION>
  <STATUS>0</STATUS>
 </HEADER>
 <BODY>
  <DATA>
   <LINEERROR>Duplicate Entry!</LINEERROR>
   <CREATED>0</CREATED>
   <ALTERED>0</ALTERED>
   <LASTVCHID>0</LASTVCHID>
   <LASTMID>0</LASTMID>
   <COMBINED>0</COMBINED>
   <IGNORED>0</IGNORED>
   <ERRORS>1</ERRORS>
  </DATA>
  <DESC>
   <CMPINFO>
    <COMPANY>0</COMPANY>
    <GROUP>0</GROUP>
    <LEDGER>8</LEDGER>
    <COSTCATEGORY>0</COSTCATEGORY>
    <COSTCENTRE>0</COSTCENTRE>
    <GODOWN>0</GODOWN>
    <STOCKGROUP>0</STOCKGROUP>
    <STOCKCATEGORY>0</STOCKCATEGORY>
    <STOCKITEM>0</STOCKITEM>
    <VOUCHERTYPE>0</VOUCHERTYPE>
    <CURRENCY>0</CURRENCY>
    <UNIT>0</UNIT>
    <BUDGET>0</BUDGET>
    <CLIENTRULE>0</CLIENTRULE>
    <SERVERRULE>0</SERVERRULE>
    <STATE>0</STATE>
    <TDSRATE>0</TDSRATE>
    <TAXCLASSIFICATION>0</TAXCLASSIFICATION>
    <STCATEGORY>0</STCATEGORY>
    <DEDUCTEETYPE>0</DEDUCTEETYPE>
    <ATTENDANCETYPE>0</ATTENDANCETYPE>
    <FBTCATEGORY>0</FBTCATEGORY>
    <FBTASSESSEETYPE>0</FBTASSESSEETYPE>
    <TARIFFCLASSIFICATION>0</TARIFFCLASSIFICATION>
    <EXCISEDUTYCLASSIFICATION>0</EXCISEDUTYCLASSIFICATION>
    <SERIALNUMBER>0</SERIALNUMBER>
    <ADJUSTMENTCLASSIFICATION>0</ADJUSTMENTCLASSIFICATION>
    <INCOMETAXSLAB>0</INCOMETAXSLAB>
    <INCOMETAXCLASSIFICATION>0</INCOMETAXCLASSIFICATION>
    <VOUCHER>0</VOUCHER>
   </CMPINFO>
  </DESC>
 </BODY>
</ENVELOPE>





06/01/2012  09:22:01 AM
Error-->>TallySynchronizer.TallyException: Ledger Not Found
		

Request 
<ENVELOPE>
<HEADER>
<VERSION>1</VERSION>
<TALLYREQUEST>Import</TALLYREQUEST>
<TYPE>Data</TYPE>
<ID>All Masters</ID>
</HEADER>
<BODY>
<DESC>
<STATICVARIABLES>
<SVCURRENTCOMPANY>CMS</SVCURRENTCOMPANY>
<IMPORTDUPS>@@DupIgnoreCombine</IMPORTDUPS>
</STATICVARIABLES>
</DESC>
<DATA>
<TALLYMESSAGE>
<VOUCHER DATE="20120105" TAGNAME = "Reference" TAGVALUE="149PAY" Action="Alter">
<DATE>20120105</DATE>
<NARRATION>[149PAY][172] ToWards : ledger cheq Cheque : [State Bank of India/BTM layout/55555]</NARRATION>
<VOUCHERTYPENAME>Receipt</VOUCHERTYPENAME>
<VOUCHERNUMBER>149PAY</VOUCHERNUMBER>
<REFERENCE>149PAY</REFERENCE>
<ALLLEDGERENTRIES.LIST>
<LEDGERNAME>TESTACCOUNT(TST)</LEDGERNAME>
<ISDEEMEDPOSITIVE>No</ISDEEMEDPOSITIVE>
<AMOUNT>1200</AMOUNT>
</ALLLEDGERENTRIES.LIST>
<ALLLEDGERENTRIES.LIST>
<LEDGERNAME>SRV</LEDGERNAME>
<ISDEEMEDPOSITIVE>Yes</ISDEEMEDPOSITIVE>
<AMOUNT>-600</AMOUNT>
</ALLLEDGERENTRIES.LIST>
<ALLLEDGERENTRIES.LIST>
<LEDGERNAME>Green Fees</LEDGERNAME>
<ISDEEMEDPOSITIVE>Yes</ISDEEMEDPOSITIVE>
<AMOUNT>-600</AMOUNT>
</ALLLEDGERENTRIES.LIST>

</VOUCHER>
</TALLYMESSAGE>
</DATA>
</BODY>
</ENVELOPE>

Response 
<ENVELOPE>
 <HEADER>
  <VERSION>1</VERSION>
  <STATUS>0</STATUS>
 </HEADER>
 <BODY>
  <DATA>
   <LINEERROR>Ledger &apos;Green Fees&apos; does not exist!</LINEERROR>
   <CREATED>0</CREATED>
   <ALTERED>0</ALTERED>
   <LASTVCHID>0</LASTVCHID>
   <LASTMID>0</LASTMID>
   <COMBINED>0</COMBINED>
   <IGNORED>0</IGNORED>
   <ERRORS>1</ERRORS>
  </DATA>
  <DESC>
   <CMPINFO>
    <COMPANY>0</COMPANY>
    <GROUP>0</GROUP>
    <LEDGER>8</LEDGER>
    <COSTCATEGORY>0</COSTCATEGORY>
    <COSTCENTRE>0</COSTCENTRE>
    <GODOWN>0</GODOWN>
    <STOCKGROUP>0</STOCKGROUP>
    <STOCKCATEGORY>0</STOCKCATEGORY>
    <STOCKITEM>0</STOCKITEM>
    <VOUCHERTYPE>0</VOUCHERTYPE>
    <CURRENCY>0</CURRENCY>
    <UNIT>0</UNIT>
    <BUDGET>0</BUDGET>
    <CLIENTRULE>0</CLIENTRULE>
    <SERVERRULE>0</SERVERRULE>
    <STATE>0</STATE>
    <TDSRATE>0</TDSRATE>
    <TAXCLASSIFICATION>0</TAXCLASSIFICATION>
    <STCATEGORY>0</STCATEGORY>
    <DEDUCTEETYPE>0</DEDUCTEETYPE>
    <ATTENDANCETYPE>0</ATTENDANCETYPE>
    <FBTCATEGORY>0</FBTCATEGORY>
    <FBTASSESSEETYPE>0</FBTASSESSEETYPE>
    <TARIFFCLASSIFICATION>0</TARIFFCLASSIFICATION>
    <EXCISEDUTYCLASSIFICATION>0</EXCISEDUTYCLASSIFICATION>
    <SERIALNUMBER>0</SERIALNUMBER>
    <ADJUSTMENTCLASSIFICATION>0</ADJUSTMENTCLASSIFICATION>
    <INCOMETAXSLAB>0</INCOMETAXSLAB>
    <INCOMETAXCLASSIFICATION>0</INCOMETAXCLASSIFICATION>
    <VOUCHER>0</VOUCHER>
   </CMPINFO>
  </DESC>
 </BODY>
</ENVELOPE>



06/01/2012  09:22:02 AM
Error-->>TallySynchronizer.TallyException: <ENVELOPE>
 <HEADER>
  <VERSION>1</VERSION>
  <STATUS>1</STATUS>
 </HEADER>
 <BODY>
  <DATA>
   <IMPORTRESULT>
    <CREATED>0</CREATED>
    <ALTERED>1</ALTERED>
    <LASTVCHID>0</LASTVCHID>
    <LASTMID>0</LASTMID>
    <COMBINED>0</COMBINED>
    <IGNORED>0</IGNORED>
    <ERRORS>0</ERRORS>
   </IMPORTRESULT>
  </DATA>
  <DESC>
   <CMPINFO>
    <COMPANY>0</COMPANY>
    <GROUP>0</GROUP>
    <LEDGER>9</LEDGER>
    <COSTCATEGORY>0</COSTCATEGORY>
    <COSTCENTRE>0</COSTCENTRE>
    <GODOWN>0</GODOWN>
    <STOCKGROUP>0</STOCKGROUP>
    <STOCKCATEGORY>0</STOCKCATEGORY>
    <STOCKITEM>0</STOCKITEM>
    <VOUCHERTYPE>0</VOUCHERTYPE>
    <CURRENCY>0</CURRENCY>
    <UNIT>0</UNIT>
    <BUDGET>0</BUDGET>
    <CLIENTRULE>0</CLIENTRULE>
    <SERVERRULE>0</SERVERRULE>
    <STATE>0</STATE>
    <TDSRATE>0</TDSRATE>
    <TAXCLASSIFICATION>0</TAXCLASSIFICATION>
    <STCATEGORY>0</STCATEGORY>
    <DEDUCTEETYPE>0</DEDUCTEETYPE>
    <ATTENDANCETYPE>0</ATTENDANCETYPE>
    <FBTCATEGORY>0</FBTCATEGORY>
    <FBTASSESSEETYPE>0</FBTASSESSEETYPE>
    <TARIFFCLASSIFICATION>0</TARIFFCLASSIFICATION>
    <EXCISEDUTYCLASSIFICATION>0</EXCISEDUTYCLASSIFICATION>
    <SERIALNUMBER>0</SERIALNUMBER>
    <ADJUSTMENTCLASSIFICATION>0</ADJUSTMENTCLASSIFICATION>
    <INCOMETAXSLAB>0</INCOMETAXSLAB>
    <INCOMETAXCLASSIFICATION>0</INCOMETAXCLASSIFICATION>
    <VOUCHER>0</VOUCHER>
   </CMPINFO>
  </DESC>
 </BODY>
</ENVELOPE>

Response
<ENVELOPE><HEADER><VERSION>1</VERSION><TALLYREQUEST>Import</TALLYREQUEST><TYPE>Data</TYPE><ID>All Masters</ID></HEADER><BODY><DESC><STATICVARIABLES><SVCURRENTCOMPANY>CMS</SVCURRENTCOMPANY><IMPORTDUPS>@@DupIgnoreCombine</IMPORTDUPS></STATICVARIABLES></DESC><DATA><TALLYMESSAGE><LEDGER NAME="TEST ACCOUNT"><PARENT>Direct Incomes</PARENT><LANGUAGENAME.LIST><NAME.LIST TYPE="String"><NAME>TEST ACCOUNT</NAME><NAME>TESTACCOUNT(TST)</NAME></NAME.LIST></LANGUAGENAME.LIST></LEDGER></TALLYMESSAGE></DATA></BODY></ENVELOPE>
		Ledger Name : TEST ACCOUNT
Alias Name : TESTACCOUNT(TST)

 Request XML 
<ENVELOPE><HEADER><VERSION>1</VERSION><TALLYREQUEST>Import</TALLYREQUEST><TYPE>Data</TYPE><ID>All Masters</ID></HEADER><BODY><DESC><STATICVARIABLES><SVCURRENTCOMPANY>CMS</SVCURRENTCOMPANY><IMPORTDUPS>@@DupIgnoreCombine</IMPORTDUPS></STATICVARIABLES></DESC><DATA><TALLYMESSAGE><LEDGER NAME="TEST ACCOUNT"><PARENT>Direct Incomes</PARENT><LANGUAGENAME.LIST><NAME.LIST TYPE="String"><NAME>TEST ACCOUNT</NAME><NAME>TESTACCOUNT(TST)</NAME></NAME.LIST></LANGUAGENAME.LIST></LEDGER></TALLYMESSAGE></DATA></BODY></ENVELOPE>

 Response XML 
<ENVELOPE>
 <HEADER>
  <VERSION>1</VERSION>
  <STATUS>1</STATUS>
 </HEADER>
 <BODY>
  <DATA>
   <IMPORTRESULT>
    <CREATED>0</CREATED>
    <ALTERED>1</ALTERED>
    <LASTVCHID>0</LASTVCHID>
    <LASTMID>0</LASTMID>
    <COMBINED>0</COMBINED>
    <IGNORED>0</IGNORED>
    <ERRORS>0</ERRORS>
   </IMPORTRESULT>
  </DATA>
  <DESC>
   <CMPINFO>
    <COMPANY>0</COMPANY>
    <GROUP>0</GROUP>
    <LEDGER>9</LEDGER>
    <COSTCATEGORY>0</COSTCATEGORY>
    <COSTCENTRE>0</COSTCENTRE>
    <GODOWN>0</GODOWN>
    <STOCKGROUP>0</STOCKGROUP>
    <STOCKCATEGORY>0</STOCKCATEGORY>
    <STOCKITEM>0</STOCKITEM>
    <VOUCHERTYPE>0</VOUCHERTYPE>
    <CURRENCY>0</CURRENCY>
    <UNIT>0</UNIT>
    <BUDGET>0</BUDGET>
    <CLIENTRULE>0</CLIENTRULE>
    <SERVERRULE>0</SERVERRULE>
    <STATE>0</STATE>
    <TDSRATE>0</TDSRATE>
    <TAXCLASSIFICATION>0</TAXCLASSIFICATION>
    <STCATEGORY>0</STCATEGORY>
    <DEDUCTEETYPE>0</DEDUCTEETYPE>
    <ATTENDANCETYPE>0</ATTENDANCETYPE>
    <FBTCATEGORY>0</FBTCATEGORY>
    <FBTASSESSEETYPE>0</FBTASSESSEETYPE>
    <TARIFFCLASSIFICATION>0</TARIFFCLASSIFICATION>
    <EXCISEDUTYCLASSIFICATION>0</EXCISEDUTYCLASSIFICATION>
    <SERIALNUMBER>0</SERIALNUMBER>
    <ADJUSTMENTCLASSIFICATION>0</ADJUSTMENTCLASSIFICATION>
    <INCOMETAXSLAB>0</INCOMETAXSLAB>
    <INCOMETAXCLASSIFICATION>0</INCOMETAXCLASSIFICATION>
    <VOUCHER>0</VOUCHER>
   </CMPINFO>
  </DESC>
 </BODY>
</ENVELOPE>





06/01/2012  09:22:02 AM
Error-->>TallySynchronizer.TallyException: <ENVELOPE>
 <HEADER>
  <VERSION>1</VERSION>
  <STATUS>1</STATUS>
 </HEADER>
 <BODY>
  <DATA>
   <IMPORTRESULT>
    <CREATED>0</CREATED>
    <ALTERED>1</ALTERED>
    <LASTVCHID>0</LASTVCHID>
    <LASTMID>0</LASTMID>
    <COMBINED>0</COMBINED>
    <IGNORED>0</IGNORED>
    <ERRORS>0</ERRORS>
   </IMPORTRESULT>
  </DATA>
  <DESC>
   <CMPINFO>
    <COMPANY>0</COMPANY>
    <GROUP>0</GROUP>
    <LEDGER>10</LEDGER>
    <COSTCATEGORY>0</COSTCATEGORY>
    <COSTCENTRE>0</COSTCENTRE>
    <GODOWN>0</GODOWN>
    <STOCKGROUP>0</STOCKGROUP>
    <STOCKCATEGORY>0</STOCKCATEGORY>
    <STOCKITEM>0</STOCKITEM>
    <VOUCHERTYPE>0</VOUCHERTYPE>
    <CURRENCY>0</CURRENCY>
    <UNIT>0</UNIT>
    <BUDGET>0</BUDGET>
    <CLIENTRULE>0</CLIENTRULE>
    <SERVERRULE>0</SERVERRULE>
    <STATE>0</STATE>
    <TDSRATE>0</TDSRATE>
    <TAXCLASSIFICATION>0</TAXCLASSIFICATION>
    <STCATEGORY>0</STCATEGORY>
    <DEDUCTEETYPE>0</DEDUCTEETYPE>
    <ATTENDANCETYPE>0</ATTENDANCETYPE>
    <FBTCATEGORY>0</FBTCATEGORY>
    <FBTASSESSEETYPE>0</FBTASSESSEETYPE>
    <TARIFFCLASSIFICATION>0</TARIFFCLASSIFICATION>
    <EXCISEDUTYCLASSIFICATION>0</EXCISEDUTYCLASSIFICATION>
    <SERIALNUMBER>0</SERIALNUMBER>
    <ADJUSTMENTCLASSIFICATION>0</ADJUSTMENTCLASSIFICATION>
    <INCOMETAXSLAB>0</INCOMETAXSLAB>
    <INCOMETAXCLASSIFICATION>0</INCOMETAXCLASSIFICATION>
    <VOUCHER>0</VOUCHER>
   </CMPINFO>
  </DESC>
 </BODY>
</ENVELOPE>

Response
<ENVELOPE><HEADER><VERSION>1</VERSION><TALLYREQUEST>Import</TALLYREQUEST><TYPE>Data</TYPE><ID>All Masters</ID></HEADER><BODY><DESC><STATICVARIABLES><SVCURRENTCOMPANY>CMS</SVCURRENTCOMPANY><IMPORTDUPS>@@DupIgnoreCombine</IMPORTDUPS></STATICVARIABLES></DESC><DATA><TALLYMESSAGE><LEDGER NAME="Service Tax@10%"><PARENT>Direct Incomes</PARENT><LANGUAGENAME.LIST><NAME.LIST TYPE="String"><NAME>Service Tax@10%</NAME><NAME>SRV</NAME></NAME.LIST></LANGUAGENAME.LIST></LEDGER></TALLYMESSAGE></DATA></BODY></ENVELOPE>
		Ledger Name : Service Tax@10%
Alias Name : SRV

 Request XML 
<ENVELOPE><HEADER><VERSION>1</VERSION><TALLYREQUEST>Import</TALLYREQUEST><TYPE>Data</TYPE><ID>All Masters</ID></HEADER><BODY><DESC><STATICVARIABLES><SVCURRENTCOMPANY>CMS</SVCURRENTCOMPANY><IMPORTDUPS>@@DupIgnoreCombine</IMPORTDUPS></STATICVARIABLES></DESC><DATA><TALLYMESSAGE><LEDGER NAME="Service Tax@10%"><PARENT>Direct Incomes</PARENT><LANGUAGENAME.LIST><NAME.LIST TYPE="String"><NAME>Service Tax@10%</NAME><NAME>SRV</NAME></NAME.LIST></LANGUAGENAME.LIST></LEDGER></TALLYMESSAGE></DATA></BODY></ENVELOPE>

 Response XML 
<ENVELOPE>
 <HEADER>
  <VERSION>1</VERSION>
  <STATUS>1</STATUS>
 </HEADER>
 <BODY>
  <DATA>
   <IMPORTRESULT>
    <CREATED>0</CREATED>
    <ALTERED>1</ALTERED>
    <LASTVCHID>0</LASTVCHID>
    <LASTMID>0</LASTMID>
    <COMBINED>0</COMBINED>
    <IGNORED>0</IGNORED>
    <ERRORS>0</ERRORS>
   </IMPORTRESULT>
  </DATA>
  <DESC>
   <CMPINFO>
    <COMPANY>0</COMPANY>
    <GROUP>0</GROUP>
    <LEDGER>10</LEDGER>
    <COSTCATEGORY>0</COSTCATEGORY>
    <COSTCENTRE>0</COSTCENTRE>
    <GODOWN>0</GODOWN>
    <STOCKGROUP>0</STOCKGROUP>
    <STOCKCATEGORY>0</STOCKCATEGORY>
    <STOCKITEM>0</STOCKITEM>
    <VOUCHERTYPE>0</VOUCHERTYPE>
    <CURRENCY>0</CURRENCY>
    <UNIT>0</UNIT>
    <BUDGET>0</BUDGET>
    <CLIENTRULE>0</CLIENTRULE>
    <SERVERRULE>0</SERVERRULE>
    <STATE>0</STATE>
    <TDSRATE>0</TDSRATE>
    <TAXCLASSIFICATION>0</TAXCLASSIFICATION>
    <STCATEGORY>0</STCATEGORY>
    <DEDUCTEETYPE>0</DEDUCTEETYPE>
    <ATTENDANCETYPE>0</ATTENDANCETYPE>
    <FBTCATEGORY>0</FBTCATEGORY>
    <FBTASSESSEETYPE>0</FBTASSESSEETYPE>
    <TARIFFCLASSIFICATION>0</TARIFFCLASSIFICATION>
    <EXCISEDUTYCLASSIFICATION>0</EXCISEDUTYCLASSIFICATION>
    <SERIALNUMBER>0</SERIALNUMBER>
    <ADJUSTMENTCLASSIFICATION>0</ADJUSTMENTCLASSIFICATION>
    <INCOMETAXSLAB>0</INCOMETAXSLAB>
    <INCOMETAXCLASSIFICATION>0</INCOMETAXCLASSIFICATION>
    <VOUCHER>0</VOUCHER>
   </CMPINFO>
  </DESC>
 </BODY>
</ENVELOPE>





06/01/2012  09:22:03 AM
Error-->>TallySynchronizer.TallyException: <ENVELOPE>
 <HEADER>
  <VERSION>1</VERSION>
  <STATUS>0</STATUS>
 </HEADER>
 <BODY>
  <DATA>
   <LINEERROR>Duplicate Entry!</LINEERROR>
   <CREATED>0</CREATED>
   <ALTERED>0</ALTERED>
   <LASTVCHID>0</LASTVCHID>
   <LASTMID>0</LASTMID>
   <COMBINED>0</COMBINED>
   <IGNORED>0</IGNORED>
   <ERRORS>1</ERRORS>
  </DATA>
  <DESC>
   <CMPINFO>
    <COMPANY>0</COMPANY>
    <GROUP>0</GROUP>
    <LEDGER>10</LEDGER>
    <COSTCATEGORY>0</COSTCATEGORY>
    <COSTCENTRE>0</COSTCENTRE>
    <GODOWN>0</GODOWN>
    <STOCKGROUP>0</STOCKGROUP>
    <STOCKCATEGORY>0</STOCKCATEGORY>
    <STOCKITEM>0</STOCKITEM>
    <VOUCHERTYPE>0</VOUCHERTYPE>
    <CURRENCY>0</CURRENCY>
    <UNIT>0</UNIT>
    <BUDGET>0</BUDGET>
    <CLIENTRULE>0</CLIENTRULE>
    <SERVERRULE>0</SERVERRULE>
    <STATE>0</STATE>
    <TDSRATE>0</TDSRATE>
    <TAXCLASSIFICATION>0</TAXCLASSIFICATION>
    <STCATEGORY>0</STCATEGORY>
    <DEDUCTEETYPE>0</DEDUCTEETYPE>
    <ATTENDANCETYPE>0</ATTENDANCETYPE>
    <FBTCATEGORY>0</FBTCATEGORY>
    <FBTASSESSEETYPE>0</FBTASSESSEETYPE>
    <TARIFFCLASSIFICATION>0</TARIFFCLASSIFICATION>
    <EXCISEDUTYCLASSIFICATION>0</EXCISEDUTYCLASSIFICATION>
    <SERIALNUMBER>0</SERIALNUMBER>
    <ADJUSTMENTCLASSIFICATION>0</ADJUSTMENTCLASSIFICATION>
    <INCOMETAXSLAB>0</INCOMETAXSLAB>
    <INCOMETAXCLASSIFICATION>0</INCOMETAXCLASSIFICATION>
    <VOUCHER>0</VOUCHER>
   </CMPINFO>
  </DESC>
 </BODY>
</ENVELOPE>

Response
<ENVELOPE><HEADER><VERSION>1</VERSION><TALLYREQUEST>Import</TALLYREQUEST><TYPE>Data</TYPE><ID>All Masters</ID></HEADER><BODY><DESC><STATICVARIABLES><SVCURRENTCOMPANY>CMS</SVCURRENTCOMPANY><IMPORTDUPS>@@DupIgnoreCombine</IMPORTDUPS></STATICVARIABLES></DESC><DATA><TALLYMESSAGE><LEDGER NAME="Green Fees"><PARENT>Direct Incomes</PARENT><LANGUAGENAME.LIST><NAME.LIST TYPE="String"><NAME>Green Fees</NAME><NAME>Green Fees</NAME></NAME.LIST></LANGUAGENAME.LIST></LEDGER></TALLYMESSAGE></DATA></BODY></ENVELOPE>
		Ledger Name : Green Fees
Alias Name : Green Fees

 Request XML 
<ENVELOPE><HEADER><VERSION>1</VERSION><TALLYREQUEST>Import</TALLYREQUEST><TYPE>Data</TYPE><ID>All Masters</ID></HEADER><BODY><DESC><STATICVARIABLES><SVCURRENTCOMPANY>CMS</SVCURRENTCOMPANY><IMPORTDUPS>@@DupIgnoreCombine</IMPORTDUPS></STATICVARIABLES></DESC><DATA><TALLYMESSAGE><LEDGER NAME="Green Fees"><PARENT>Direct Incomes</PARENT><LANGUAGENAME.LIST><NAME.LIST TYPE="String"><NAME>Green Fees</NAME><NAME>Green Fees</NAME></NAME.LIST></LANGUAGENAME.LIST></LEDGER></TALLYMESSAGE></DATA></BODY></ENVELOPE>

 Response XML 
<ENVELOPE>
 <HEADER>
  <VERSION>1</VERSION>
  <STATUS>0</STATUS>
 </HEADER>
 <BODY>
  <DATA>
   <LINEERROR>Duplicate Entry!</LINEERROR>
   <CREATED>0</CREATED>
   <ALTERED>0</ALTERED>
   <LASTVCHID>0</LASTVCHID>
   <LASTMID>0</LASTMID>
   <COMBINED>0</COMBINED>
   <IGNORED>0</IGNORED>
   <ERRORS>1</ERRORS>
  </DATA>
  <DESC>
   <CMPINFO>
    <COMPANY>0</COMPANY>
    <GROUP>0</GROUP>
    <LEDGER>10</LEDGER>
    <COSTCATEGORY>0</COSTCATEGORY>
    <COSTCENTRE>0</COSTCENTRE>
    <GODOWN>0</GODOWN>
    <STOCKGROUP>0</STOCKGROUP>
    <STOCKCATEGORY>0</STOCKCATEGORY>
    <STOCKITEM>0</STOCKITEM>
    <VOUCHERTYPE>0</VOUCHERTYPE>
    <CURRENCY>0</CURRENCY>
    <UNIT>0</UNIT>
    <BUDGET>0</BUDGET>
    <CLIENTRULE>0</CLIENTRULE>
    <SERVERRULE>0</SERVERRULE>
    <STATE>0</STATE>
    <TDSRATE>0</TDSRATE>
    <TAXCLASSIFICATION>0</TAXCLASSIFICATION>
    <STCATEGORY>0</STCATEGORY>
    <DEDUCTEETYPE>0</DEDUCTEETYPE>
    <ATTENDANCETYPE>0</ATTENDANCETYPE>
    <FBTCATEGORY>0</FBTCATEGORY>
    <FBTASSESSEETYPE>0</FBTASSESSEETYPE>
    <TARIFFCLASSIFICATION>0</TARIFFCLASSIFICATION>
    <EXCISEDUTYCLASSIFICATION>0</EXCISEDUTYCLASSIFICATION>
    <SERIALNUMBER>0</SERIALNUMBER>
    <ADJUSTMENTCLASSIFICATION>0</ADJUSTMENTCLASSIFICATION>
    <INCOMETAXSLAB>0</INCOMETAXSLAB>
    <INCOMETAXCLASSIFICATION>0</INCOMETAXCLASSIFICATION>
    <VOUCHER>0</VOUCHER>
   </CMPINFO>
  </DESC>
 </BODY>
</ENVELOPE>





06/01/2012  09:22:04 AM
Error-->>TallySynchronizer.TallyException: Ledger Not Found
		

Request 
<ENVELOPE>
<HEADER>
<VERSION>1</VERSION>
<TALLYREQUEST>Import</TALLYREQUEST>
<TYPE>Data</TYPE>
<ID>All Masters</ID>
</HEADER>
<BODY>
<DESC>
<STATICVARIABLES>
<SVCURRENTCOMPANY>CMS</SVCURRENTCOMPANY>
<IMPORTDUPS>@@DupIgnoreCombine</IMPORTDUPS>
</STATICVARIABLES>
</DESC>
<DATA>
<TALLYMESSAGE>
<VOUCHER DATE="20120105" TAGNAME = "Reference" TAGVALUE="149PAY" Action="Alter">
<DATE>20120105</DATE>
<NARRATION>[149PAY][172] ToWards : ledger cheq Cheque : [State Bank of India/BTM layout/55555]</NARRATION>
<VOUCHERTYPENAME>Receipt</VOUCHERTYPENAME>
<VOUCHERNUMBER>149PAY</VOUCHERNUMBER>
<REFERENCE>149PAY</REFERENCE>
<ALLLEDGERENTRIES.LIST>
<LEDGERNAME>TESTACCOUNT(TST)</LEDGERNAME>
<ISDEEMEDPOSITIVE>No</ISDEEMEDPOSITIVE>
<AMOUNT>1200</AMOUNT>
</ALLLEDGERENTRIES.LIST>
<ALLLEDGERENTRIES.LIST>
<LEDGERNAME>SRV</LEDGERNAME>
<ISDEEMEDPOSITIVE>Yes</ISDEEMEDPOSITIVE>
<AMOUNT>-600</AMOUNT>
</ALLLEDGERENTRIES.LIST>
<ALLLEDGERENTRIES.LIST>
<LEDGERNAME>Green Fees</LEDGERNAME>
<ISDEEMEDPOSITIVE>Yes</ISDEEMEDPOSITIVE>
<AMOUNT>-600</AMOUNT>
</ALLLEDGERENTRIES.LIST>

</VOUCHER>
</TALLYMESSAGE>
</DATA>
</BODY>
</ENVELOPE>

Response 
<ENVELOPE>
 <HEADER>
  <VERSION>1</VERSION>
  <STATUS>0</STATUS>
 </HEADER>
 <BODY>
  <DATA>
   <LINEERROR>Ledger &apos;Green Fees&apos; does not exist!</LINEERROR>
   <CREATED>0</CREATED>
   <ALTERED>0</ALTERED>
   <LASTVCHID>0</LASTVCHID>
   <LASTMID>0</LASTMID>
   <COMBINED>0</COMBINED>
   <IGNORED>0</IGNORED>
   <ERRORS>1</ERRORS>
  </DATA>
  <DESC>
   <CMPINFO>
    <COMPANY>0</COMPANY>
    <GROUP>0</GROUP>
    <LEDGER>10</LEDGER>
    <COSTCATEGORY>0</COSTCATEGORY>
    <COSTCENTRE>0</COSTCENTRE>
    <GODOWN>0</GODOWN>
    <STOCKGROUP>0</STOCKGROUP>
    <STOCKCATEGORY>0</STOCKCATEGORY>
    <STOCKITEM>0</STOCKITEM>
    <VOUCHERTYPE>0</VOUCHERTYPE>
    <CURRENCY>0</CURRENCY>
    <UNIT>0</UNIT>
    <BUDGET>0</BUDGET>
    <CLIENTRULE>0</CLIENTRULE>
    <SERVERRULE>0</SERVERRULE>
    <STATE>0</STATE>
    <TDSRATE>0</TDSRATE>
    <TAXCLASSIFICATION>0</TAXCLASSIFICATION>
    <STCATEGORY>0</STCATEGORY>
    <DEDUCTEETYPE>0</DEDUCTEETYPE>
    <ATTENDANCETYPE>0</ATTENDANCETYPE>
    <FBTCATEGORY>0</FBTCATEGORY>
    <FBTASSESSEETYPE>0</FBTASSESSEETYPE>
    <TARIFFCLASSIFICATION>0</TARIFFCLASSIFICATION>
    <EXCISEDUTYCLASSIFICATION>0</EXCISEDUTYCLASSIFICATION>
    <SERIALNUMBER>0</SERIALNUMBER>
    <ADJUSTMENTCLASSIFICATION>0</ADJUSTMENTCLASSIFICATION>
    <INCOMETAXSLAB>0</INCOMETAXSLAB>
    <INCOMETAXCLASSIFICATION>0</INCOMETAXCLASSIFICATION>
    <VOUCHER>0</VOUCHER>
   </CMPINFO>
  </DESC>
 </BODY>
</ENVELOPE>



06/01/2012  09:22:05 AM
Error-->>TallySynchronizer.TallyException: <ENVELOPE>
 <HEADER>
  <VERSION>1</VERSION>
  <STATUS>1</STATUS>
 </HEADER>
 <BODY>
  <DATA>
   <IMPORTRESULT>
    <CREATED>0</CREATED>
    <ALTERED>1</ALTERED>
    <LASTVCHID>0</LASTVCHID>
    <LASTMID>0</LASTMID>
    <COMBINED>0</COMBINED>
    <IGNORED>0</IGNORED>
    <ERRORS>0</ERRORS>
   </IMPORTRESULT>
  </DATA>
  <DESC>
   <CMPINFO>
    <COMPANY>0</COMPANY>
    <GROUP>0</GROUP>
    <LEDGER>11</LEDGER>
    <COSTCATEGORY>0</COSTCATEGORY>
    <COSTCENTRE>0</COSTCENTRE>
    <GODOWN>0</GODOWN>
    <STOCKGROUP>0</STOCKGROUP>
    <STOCKCATEGORY>0</STOCKCATEGORY>
    <STOCKITEM>0</STOCKITEM>
    <VOUCHERTYPE>0</VOUCHERTYPE>
    <CURRENCY>0</CURRENCY>
    <UNIT>0</UNIT>
    <BUDGET>0</BUDGET>
    <CLIENTRULE>0</CLIENTRULE>
    <SERVERRULE>0</SERVERRULE>
    <STATE>0</STATE>
    <TDSRATE>0</TDSRATE>
    <TAXCLASSIFICATION>0</TAXCLASSIFICATION>
    <STCATEGORY>0</STCATEGORY>
    <DEDUCTEETYPE>0</DEDUCTEETYPE>
    <ATTENDANCETYPE>0</ATTENDANCETYPE>
    <FBTCATEGORY>0</FBTCATEGORY>
    <FBTASSESSEETYPE>0</FBTASSESSEETYPE>
    <TARIFFCLASSIFICATION>0</TARIFFCLASSIFICATION>
    <EXCISEDUTYCLASSIFICATION>0</EXCISEDUTYCLASSIFICATION>
    <SERIALNUMBER>0</SERIALNUMBER>
    <ADJUSTMENTCLASSIFICATION>0</ADJUSTMENTCLASSIFICATION>
    <INCOMETAXSLAB>0</INCOMETAXSLAB>
    <INCOMETAXCLASSIFICATION>0</INCOMETAXCLASSIFICATION>
    <VOUCHER>0</VOUCHER>
   </CMPINFO>
  </DESC>
 </BODY>
</ENVELOPE>

Response
<ENVELOPE><HEADER><VERSION>1</VERSION><TALLYREQUEST>Import</TALLYREQUEST><TYPE>Data</TYPE><ID>All Masters</ID></HEADER><BODY><DESC><STATICVARIABLES><SVCURRENTCOMPANY>CMS</SVCURRENTCOMPANY><IMPORTDUPS>@@DupIgnoreCombine</IMPORTDUPS></STATICVARIABLES></DESC><DATA><TALLYMESSAGE><LEDGER NAME="TEST ACCOUNT"><PARENT>Direct Incomes</PARENT><LANGUAGENAME.LIST><NAME.LIST TYPE="String"><NAME>TEST ACCOUNT</NAME><NAME>TESTACCOUNT(TST)</NAME></NAME.LIST></LANGUAGENAME.LIST></LEDGER></TALLYMESSAGE></DATA></BODY></ENVELOPE>
		Ledger Name : TEST ACCOUNT
Alias Name : TESTACCOUNT(TST)

 Request XML 
<ENVELOPE><HEADER><VERSION>1</VERSION><TALLYREQUEST>Import</TALLYREQUEST><TYPE>Data</TYPE><ID>All Masters</ID></HEADER><BODY><DESC><STATICVARIABLES><SVCURRENTCOMPANY>CMS</SVCURRENTCOMPANY><IMPORTDUPS>@@DupIgnoreCombine</IMPORTDUPS></STATICVARIABLES></DESC><DATA><TALLYMESSAGE><LEDGER NAME="TEST ACCOUNT"><PARENT>Direct Incomes</PARENT><LANGUAGENAME.LIST><NAME.LIST TYPE="String"><NAME>TEST ACCOUNT</NAME><NAME>TESTACCOUNT(TST)</NAME></NAME.LIST></LANGUAGENAME.LIST></LEDGER></TALLYMESSAGE></DATA></BODY></ENVELOPE>

 Response XML 
<ENVELOPE>
 <HEADER>
  <VERSION>1</VERSION>
  <STATUS>1</STATUS>
 </HEADER>
 <BODY>
  <DATA>
   <IMPORTRESULT>
    <CREATED>0</CREATED>
    <ALTERED>1</ALTERED>
    <LASTVCHID>0</LASTVCHID>
    <LASTMID>0</LASTMID>
    <COMBINED>0</COMBINED>
    <IGNORED>0</IGNORED>
    <ERRORS>0</ERRORS>
   </IMPORTRESULT>
  </DATA>
  <DESC>
   <CMPINFO>
    <COMPANY>0</COMPANY>
    <GROUP>0</GROUP>
    <LEDGER>11</LEDGER>
    <COSTCATEGORY>0</COSTCATEGORY>
    <COSTCENTRE>0</COSTCENTRE>
    <GODOWN>0</GODOWN>
    <STOCKGROUP>0</STOCKGROUP>
    <STOCKCATEGORY>0</STOCKCATEGORY>
    <STOCKITEM>0</STOCKITEM>
    <VOUCHERTYPE>0</VOUCHERTYPE>
    <CURRENCY>0</CURRENCY>
    <UNIT>0</UNIT>
    <BUDGET>0</BUDGET>
    <CLIENTRULE>0</CLIENTRULE>
    <SERVERRULE>0</SERVERRULE>
    <STATE>0</STATE>
    <TDSRATE>0</TDSRATE>
    <TAXCLASSIFICATION>0</TAXCLASSIFICATION>
    <STCATEGORY>0</STCATEGORY>
    <DEDUCTEETYPE>0</DEDUCTEETYPE>
    <ATTENDANCETYPE>0</ATTENDANCETYPE>
    <FBTCATEGORY>0</FBTCATEGORY>
    <FBTASSESSEETYPE>0</FBTASSESSEETYPE>
    <TARIFFCLASSIFICATION>0</TARIFFCLASSIFICATION>
    <EXCISEDUTYCLASSIFICATION>0</EXCISEDUTYCLASSIFICATION>
    <SERIALNUMBER>0</SERIALNUMBER>
    <ADJUSTMENTCLASSIFICATION>0</ADJUSTMENTCLASSIFICATION>
    <INCOMETAXSLAB>0</INCOMETAXSLAB>
    <INCOMETAXCLASSIFICATION>0</INCOMETAXCLASSIFICATION>
    <VOUCHER>0</VOUCHER>
   </CMPINFO>
  </DESC>
 </BODY>
</ENVELOPE>





06/01/2012  09:22:05 AM
Error-->>TallySynchronizer.TallyException: <ENVELOPE>
 <HEADER>
  <VERSION>1</VERSION>
  <STATUS>1</STATUS>
 </HEADER>
 <BODY>
  <DATA>
   <IMPORTRESULT>
    <CREATED>0</CREATED>
    <ALTERED>1</ALTERED>
    <LASTVCHID>0</LASTVCHID>
    <LASTMID>0</LASTMID>
    <COMBINED>0</COMBINED>
    <IGNORED>0</IGNORED>
    <ERRORS>0</ERRORS>
   </IMPORTRESULT>
  </DATA>
  <DESC>
   <CMPINFO>
    <COMPANY>0</COMPANY>
    <GROUP>0</GROUP>
    <LEDGER>12</LEDGER>
    <COSTCATEGORY>0</COSTCATEGORY>
    <COSTCENTRE>0</COSTCENTRE>
    <GODOWN>0</GODOWN>
    <STOCKGROUP>0</STOCKGROUP>
    <STOCKCATEGORY>0</STOCKCATEGORY>
    <STOCKITEM>0</STOCKITEM>
    <VOUCHERTYPE>0</VOUCHERTYPE>
    <CURRENCY>0</CURRENCY>
    <UNIT>0</UNIT>
    <BUDGET>0</BUDGET>
    <CLIENTRULE>0</CLIENTRULE>
    <SERVERRULE>0</SERVERRULE>
    <STATE>0</STATE>
    <TDSRATE>0</TDSRATE>
    <TAXCLASSIFICATION>0</TAXCLASSIFICATION>
    <STCATEGORY>0</STCATEGORY>
    <DEDUCTEETYPE>0</DEDUCTEETYPE>
    <ATTENDANCETYPE>0</ATTENDANCETYPE>
    <FBTCATEGORY>0</FBTCATEGORY>
    <FBTASSESSEETYPE>0</FBTASSESSEETYPE>
    <TARIFFCLASSIFICATION>0</TARIFFCLASSIFICATION>
    <EXCISEDUTYCLASSIFICATION>0</EXCISEDUTYCLASSIFICATION>
    <SERIALNUMBER>0</SERIALNUMBER>
    <ADJUSTMENTCLASSIFICATION>0</ADJUSTMENTCLASSIFICATION>
    <INCOMETAXSLAB>0</INCOMETAXSLAB>
    <INCOMETAXCLASSIFICATION>0</INCOMETAXCLASSIFICATION>
    <VOUCHER>0</VOUCHER>
   </CMPINFO>
  </DESC>
 </BODY>
</ENVELOPE>

Response
<ENVELOPE><HEADER><VERSION>1</VERSION><TALLYREQUEST>Import</TALLYREQUEST><TYPE>Data</TYPE><ID>All Masters</ID></HEADER><BODY><DESC><STATICVARIABLES><SVCURRENTCOMPANY>CMS</SVCURRENTCOMPANY><IMPORTDUPS>@@DupIgnoreCombine</IMPORTDUPS></STATICVARIABLES></DESC><DATA><TALLYMESSAGE><LEDGER NAME="Service Tax@10%"><PARENT>Direct Incomes</PARENT><LANGUAGENAME.LIST><NAME.LIST TYPE="String"><NAME>Service Tax@10%</NAME><NAME>SRV</NAME></NAME.LIST></LANGUAGENAME.LIST></LEDGER></TALLYMESSAGE></DATA></BODY></ENVELOPE>
		Ledger Name : Service Tax@10%
Alias Name : SRV

 Request XML 
<ENVELOPE><HEADER><VERSION>1</VERSION><TALLYREQUEST>Import</TALLYREQUEST><TYPE>Data</TYPE><ID>All Masters</ID></HEADER><BODY><DESC><STATICVARIABLES><SVCURRENTCOMPANY>CMS</SVCURRENTCOMPANY><IMPORTDUPS>@@DupIgnoreCombine</IMPORTDUPS></STATICVARIABLES></DESC><DATA><TALLYMESSAGE><LEDGER NAME="Service Tax@10%"><PARENT>Direct Incomes</PARENT><LANGUAGENAME.LIST><NAME.LIST TYPE="String"><NAME>Service Tax@10%</NAME><NAME>SRV</NAME></NAME.LIST></LANGUAGENAME.LIST></LEDGER></TALLYMESSAGE></DATA></BODY></ENVELOPE>

 Response XML 
<ENVELOPE>
 <HEADER>
  <VERSION>1</VERSION>
  <STATUS>1</STATUS>
 </HEADER>
 <BODY>
  <DATA>
   <IMPORTRESULT>
    <CREATED>0</CREATED>
    <ALTERED>1</ALTERED>
    <LASTVCHID>0</LASTVCHID>
    <LASTMID>0</LASTMID>
    <COMBINED>0</COMBINED>
    <IGNORED>0</IGNORED>
    <ERRORS>0</ERRORS>
   </IMPORTRESULT>
  </DATA>
  <DESC>
   <CMPINFO>
    <COMPANY>0</COMPANY>
    <GROUP>0</GROUP>
    <LEDGER>12</LEDGER>
    <COSTCATEGORY>0</COSTCATEGORY>
    <COSTCENTRE>0</COSTCENTRE>
    <GODOWN>0</GODOWN>
    <STOCKGROUP>0</STOCKGROUP>
    <STOCKCATEGORY>0</STOCKCATEGORY>
    <STOCKITEM>0</STOCKITEM>
    <VOUCHERTYPE>0</VOUCHERTYPE>
    <CURRENCY>0</CURRENCY>
    <UNIT>0</UNIT>
    <BUDGET>0</BUDGET>
    <CLIENTRULE>0</CLIENTRULE>
    <SERVERRULE>0</SERVERRULE>
    <STATE>0</STATE>
    <TDSRATE>0</TDSRATE>
    <TAXCLASSIFICATION>0</TAXCLASSIFICATION>
    <STCATEGORY>0</STCATEGORY>
    <DEDUCTEETYPE>0</DEDUCTEETYPE>
    <ATTENDANCETYPE>0</ATTENDANCETYPE>
    <FBTCATEGORY>0</FBTCATEGORY>
    <FBTASSESSEETYPE>0</FBTASSESSEETYPE>
    <TARIFFCLASSIFICATION>0</TARIFFCLASSIFICATION>
    <EXCISEDUTYCLASSIFICATION>0</EXCISEDUTYCLASSIFICATION>
    <SERIALNUMBER>0</SERIALNUMBER>
    <ADJUSTMENTCLASSIFICATION>0</ADJUSTMENTCLASSIFICATION>
    <INCOMETAXSLAB>0</INCOMETAXSLAB>
    <INCOMETAXCLASSIFICATION>0</INCOMETAXCLASSIFICATION>
    <VOUCHER>0</VOUCHER>
   </CMPINFO>
  </DESC>
 </BODY>
</ENVELOPE>





06/01/2012  09:22:06 AM
Error-->>TallySynchronizer.TallyException: <ENVELOPE>
 <HEADER>
  <VERSION>1</VERSION>
  <STATUS>0</STATUS>
 </HEADER>
 <BODY>
  <DATA>
   <LINEERROR>Duplicate Entry!</LINEERROR>
   <CREATED>0</CREATED>
   <ALTERED>0</ALTERED>
   <LASTVCHID>0</LASTVCHID>
   <LASTMID>0</LASTMID>
   <COMBINED>0</COMBINED>
   <IGNORED>0</IGNORED>
   <ERRORS>1</ERRORS>
  </DATA>
  <DESC>
   <CMPINFO>
    <COMPANY>0</COMPANY>
    <GROUP>0</GROUP>
    <LEDGER>12</LEDGER>
    <COSTCATEGORY>0</COSTCATEGORY>
    <COSTCENTRE>0</COSTCENTRE>
    <GODOWN>0</GODOWN>
    <STOCKGROUP>0</STOCKGROUP>
    <STOCKCATEGORY>0</STOCKCATEGORY>
    <STOCKITEM>0</STOCKITEM>
    <VOUCHERTYPE>0</VOUCHERTYPE>
    <CURRENCY>0</CURRENCY>
    <UNIT>0</UNIT>
    <BUDGET>0</BUDGET>
    <CLIENTRULE>0</CLIENTRULE>
    <SERVERRULE>0</SERVERRULE>
    <STATE>0</STATE>
    <TDSRATE>0</TDSRATE>
    <TAXCLASSIFICATION>0</TAXCLASSIFICATION>
    <STCATEGORY>0</STCATEGORY>
    <DEDUCTEETYPE>0</DEDUCTEETYPE>
    <ATTENDANCETYPE>0</ATTENDANCETYPE>
    <FBTCATEGORY>0</FBTCATEGORY>
    <FBTASSESSEETYPE>0</FBTASSESSEETYPE>
    <TARIFFCLASSIFICATION>0</TARIFFCLASSIFICATION>
    <EXCISEDUTYCLASSIFICATION>0</EXCISEDUTYCLASSIFICATION>
    <SERIALNUMBER>0</SERIALNUMBER>
    <ADJUSTMENTCLASSIFICATION>0</ADJUSTMENTCLASSIFICATION>
    <INCOMETAXSLAB>0</INCOMETAXSLAB>
    <INCOMETAXCLASSIFICATION>0</INCOMETAXCLASSIFICATION>
    <VOUCHER>0</VOUCHER>
   </CMPINFO>
  </DESC>
 </BODY>
</ENVELOPE>

Response
<ENVELOPE><HEADER><VERSION>1</VERSION><TALLYREQUEST>Import</TALLYREQUEST><TYPE>Data</TYPE><ID>All Masters</ID></HEADER><BODY><DESC><STATICVARIABLES><SVCURRENTCOMPANY>CMS</SVCURRENTCOMPANY><IMPORTDUPS>@@DupIgnoreCombine</IMPORTDUPS></STATICVARIABLES></DESC><DATA><TALLYMESSAGE><LEDGER NAME="Green Fees"><PARENT>Direct Incomes</PARENT><LANGUAGENAME.LIST><NAME.LIST TYPE="String"><NAME>Green Fees</NAME><NAME>Green Fees</NAME></NAME.LIST></LANGUAGENAME.LIST></LEDGER></TALLYMESSAGE></DATA></BODY></ENVELOPE>
		Ledger Name : Green Fees
Alias Name : Green Fees

 Request XML 
<ENVELOPE><HEADER><VERSION>1</VERSION><TALLYREQUEST>Import</TALLYREQUEST><TYPE>Data</TYPE><ID>All Masters</ID></HEADER><BODY><DESC><STATICVARIABLES><SVCURRENTCOMPANY>CMS</SVCURRENTCOMPANY><IMPORTDUPS>@@DupIgnoreCombine</IMPORTDUPS></STATICVARIABLES></DESC><DATA><TALLYMESSAGE><LEDGER NAME="Green Fees"><PARENT>Direct Incomes</PARENT><LANGUAGENAME.LIST><NAME.LIST TYPE="String"><NAME>Green Fees</NAME><NAME>Green Fees</NAME></NAME.LIST></LANGUAGENAME.LIST></LEDGER></TALLYMESSAGE></DATA></BODY></ENVELOPE>

 Response XML 
<ENVELOPE>
 <HEADER>
  <VERSION>1</VERSION>
  <STATUS>0</STATUS>
 </HEADER>
 <BODY>
  <DATA>
   <LINEERROR>Duplicate Entry!</LINEERROR>
   <CREATED>0</CREATED>
   <ALTERED>0</ALTERED>
   <LASTVCHID>0</LASTVCHID>
   <LASTMID>0</LASTMID>
   <COMBINED>0</COMBINED>
   <IGNORED>0</IGNORED>
   <ERRORS>1</ERRORS>
  </DATA>
  <DESC>
   <CMPINFO>
    <COMPANY>0</COMPANY>
    <GROUP>0</GROUP>
    <LEDGER>12</LEDGER>
    <COSTCATEGORY>0</COSTCATEGORY>
    <COSTCENTRE>0</COSTCENTRE>
    <GODOWN>0</GODOWN>
    <STOCKGROUP>0</STOCKGROUP>
    <STOCKCATEGORY>0</STOCKCATEGORY>
    <STOCKITEM>0</STOCKITEM>
    <VOUCHERTYPE>0</VOUCHERTYPE>
    <CURRENCY>0</CURRENCY>
    <UNIT>0</UNIT>
    <BUDGET>0</BUDGET>
    <CLIENTRULE>0</CLIENTRULE>
    <SERVERRULE>0</SERVERRULE>
    <STATE>0</STATE>
    <TDSRATE>0</TDSRATE>
    <TAXCLASSIFICATION>0</TAXCLASSIFICATION>
    <STCATEGORY>0</STCATEGORY>
    <DEDUCTEETYPE>0</DEDUCTEETYPE>
    <ATTENDANCETYPE>0</ATTENDANCETYPE>
    <FBTCATEGORY>0</FBTCATEGORY>
    <FBTASSESSEETYPE>0</FBTASSESSEETYPE>
    <TARIFFCLASSIFICATION>0</TARIFFCLASSIFICATION>
    <EXCISEDUTYCLASSIFICATION>0</EXCISEDUTYCLASSIFICATION>
    <SERIALNUMBER>0</SERIALNUMBER>
    <ADJUSTMENTCLASSIFICATION>0</ADJUSTMENTCLASSIFICATION>
    <INCOMETAXSLAB>0</INCOMETAXSLAB>
    <INCOMETAXCLASSIFICATION>0</INCOMETAXCLASSIFICATION>
    <VOUCHER>0</VOUCHER>
   </CMPINFO>
  </DESC>
 </BODY>
</ENVELOPE>





06/01/2012  09:22:36 AM
Error-->>TallySynchronizer.TallyException: Ledger Not Found
		

Request 
<ENVELOPE>
<HEADER>
<VERSION>1</VERSION>
<TALLYREQUEST>Import</TALLYREQUEST>
<TYPE>Data</TYPE>
<ID>All Masters</ID>
</HEADER>
<BODY>
<DESC>
<STATICVARIABLES>
<SVCURRENTCOMPANY>CMS</SVCURRENTCOMPANY>
<IMPORTDUPS>@@DupIgnoreCombine</IMPORTDUPS>
</STATICVARIABLES>
</DESC>
<DATA>
<TALLYMESSAGE>
<VOUCHER DATE="20120105" TAGNAME = "Reference" TAGVALUE="149PAY" Action="Alter">
<DATE>20120105</DATE>
<NARRATION>[149PAY][172] ToWards : ledger cheq Cheque : [State Bank of India/BTM layout/55555]</NARRATION>
<VOUCHERTYPENAME>Receipt</VOUCHERTYPENAME>
<VOUCHERNUMBER>149PAY</VOUCHERNUMBER>
<REFERENCE>149PAY</REFERENCE>
<ALLLEDGERENTRIES.LIST>
<LEDGERNAME>TESTACCOUNT(TST)</LEDGERNAME>
<ISDEEMEDPOSITIVE>No</ISDEEMEDPOSITIVE>
<AMOUNT>1200</AMOUNT>
</ALLLEDGERENTRIES.LIST>
<ALLLEDGERENTRIES.LIST>
<LEDGERNAME>SRV</LEDGERNAME>
<ISDEEMEDPOSITIVE>Yes</ISDEEMEDPOSITIVE>
<AMOUNT>-600</AMOUNT>
</ALLLEDGERENTRIES.LIST>
<ALLLEDGERENTRIES.LIST>
<LEDGERNAME>Green Fees</LEDGERNAME>
<ISDEEMEDPOSITIVE>Yes</ISDEEMEDPOSITIVE>
<AMOUNT>-600</AMOUNT>
</ALLLEDGERENTRIES.LIST>

</VOUCHER>
</TALLYMESSAGE>
</DATA>
</BODY>
</ENVELOPE>

Response 
<ENVELOPE>
 <HEADER>
  <VERSION>1</VERSION>
  <STATUS>0</STATUS>
 </HEADER>
 <BODY>
  <DATA>
   <LINEERROR>Ledger &apos;Green Fees&apos; does not exist!</LINEERROR>
   <CREATED>0</CREATED>
   <ALTERED>0</ALTERED>
   <LASTVCHID>0</LASTVCHID>
   <LASTMID>0</LASTMID>
   <COMBINED>0</COMBINED>
   <IGNORED>0</IGNORED>
   <ERRORS>1</ERRORS>
  </DATA>
  <DESC>
   <CMPINFO>
    <COMPANY>0</COMPANY>
    <GROUP>0</GROUP>
    <LEDGER>12</LEDGER>
    <COSTCATEGORY>0</COSTCATEGORY>
    <COSTCENTRE>0</COSTCENTRE>
    <GODOWN>0</GODOWN>
    <STOCKGROUP>0</STOCKGROUP>
    <STOCKCATEGORY>0</STOCKCATEGORY>
    <STOCKITEM>0</STOCKITEM>
    <VOUCHERTYPE>0</VOUCHERTYPE>
    <CURRENCY>0</CURRENCY>
    <UNIT>0</UNIT>
    <BUDGET>0</BUDGET>
    <CLIENTRULE>0</CLIENTRULE>
    <SERVERRULE>0</SERVERRULE>
    <STATE>0</STATE>
    <TDSRATE>0</TDSRATE>
    <TAXCLASSIFICATION>0</TAXCLASSIFICATION>
    <STCATEGORY>0</STCATEGORY>
    <DEDUCTEETYPE>0</DEDUCTEETYPE>
    <ATTENDANCETYPE>0</ATTENDANCETYPE>
    <FBTCATEGORY>0</FBTCATEGORY>
    <FBTASSESSEETYPE>0</FBTASSESSEETYPE>
    <TARIFFCLASSIFICATION>0</TARIFFCLASSIFICATION>
    <EXCISEDUTYCLASSIFICATION>0</EXCISEDUTYCLASSIFICATION>
    <SERIALNUMBER>0</SERIALNUMBER>
    <ADJUSTMENTCLASSIFICATION>0</ADJUSTMENTCLASSIFICATION>
    <INCOMETAXSLAB>0</INCOMETAXSLAB>
    <INCOMETAXCLASSIFICATION>0</INCOMETAXCLASSIFICATION>
    <VOUCHER>0</VOUCHER>
   </CMPINFO>
  </DESC>
 </BODY>
</ENVELOPE>



06/01/2012  09:25:55 AM
Error-->>TallySynchronizer.TallyException: Ledger Not Found
		

Request 
<ENVELOPE>
<HEADER>
<VERSION>1</VERSION>
<TALLYREQUEST>Import</TALLYREQUEST>
<TYPE>Data</TYPE>
<ID>All Masters</ID>
</HEADER>
<BODY>
<DESC>
<STATICVARIABLES>
<SVCURRENTCOMPANY>CMS</SVCURRENTCOMPANY>
<IMPORTDUPS>@@DupIgnoreCombine</IMPORTDUPS>
</STATICVARIABLES>
</DESC>
<DATA>
<TALLYMESSAGE>
<VOUCHER DATE="20120105" TAGNAME = "Reference" TAGVALUE="149PAY" Action="Alter">
<DATE>20120105</DATE>
<NARRATION>[149PAY][172] ToWards : ledger cheq Cheque : [State Bank of India/BTM layout/55555]</NARRATION>
<VOUCHERTYPENAME>Receipt</VOUCHERTYPENAME>
<VOUCHERNUMBER>149PAY</VOUCHERNUMBER>
<REFERENCE>149PAY</REFERENCE>
<ALLLEDGERENTRIES.LIST>
<LEDGERNAME>TESTACCOUNT(TST)</LEDGERNAME>
<ISDEEMEDPOSITIVE>No</ISDEEMEDPOSITIVE>
<AMOUNT>1200</AMOUNT>
</ALLLEDGERENTRIES.LIST>
<ALLLEDGERENTRIES.LIST>
<LEDGERNAME>SRV</LEDGERNAME>
<ISDEEMEDPOSITIVE>Yes</ISDEEMEDPOSITIVE>
<AMOUNT>-600</AMOUNT>
</ALLLEDGERENTRIES.LIST>
<ALLLEDGERENTRIES.LIST>
<LEDGERNAME>Green Fees</LEDGERNAME>
<ISDEEMEDPOSITIVE>Yes</ISDEEMEDPOSITIVE>
<AMOUNT>-600</AMOUNT>
</ALLLEDGERENTRIES.LIST>

</VOUCHER>
</TALLYMESSAGE>
</DATA>
</BODY>
</ENVELOPE>

Response 
<ENVELOPE>
 <HEADER>
  <VERSION>1</VERSION>
  <STATUS>0</STATUS>
 </HEADER>
 <BODY>
  <DATA>
   <LINEERROR>Ledger &apos;Green Fees&apos; does not exist!</LINEERROR>
   <CREATED>0</CREATED>
   <ALTERED>0</ALTERED>
   <LASTVCHID>0</LASTVCHID>
   <LASTMID>0</LASTMID>
   <COMBINED>0</COMBINED>
   <IGNORED>0</IGNORED>
   <ERRORS>1</ERRORS>
  </DATA>
  <DESC>
   <CMPINFO>
    <COMPANY>0</COMPANY>
    <GROUP>0</GROUP>
    <LEDGER>14</LEDGER>
    <COSTCATEGORY>0</COSTCATEGORY>
    <COSTCENTRE>0</COSTCENTRE>
    <GODOWN>0</GODOWN>
    <STOCKGROUP>0</STOCKGROUP>
    <STOCKCATEGORY>0</STOCKCATEGORY>
    <STOCKITEM>0</STOCKITEM>
    <VOUCHERTYPE>0</VOUCHERTYPE>
    <CURRENCY>0</CURRENCY>
    <UNIT>0</UNIT>
    <BUDGET>0</BUDGET>
    <CLIENTRULE>0</CLIENTRULE>
    <SERVERRULE>0</SERVERRULE>
    <STATE>0</STATE>
    <TDSRATE>0</TDSRATE>
    <TAXCLASSIFICATION>0</TAXCLASSIFICATION>
    <STCATEGORY>0</STCATEGORY>
    <DEDUCTEETYPE>0</DEDUCTEETYPE>
    <ATTENDANCETYPE>0</ATTENDANCETYPE>
    <FBTCATEGORY>0</FBTCATEGORY>
    <FBTASSESSEETYPE>0</FBTASSESSEETYPE>
    <TARIFFCLASSIFICATION>0</TARIFFCLASSIFICATION>
    <EXCISEDUTYCLASSIFICATION>0</EXCISEDUTYCLASSIFICATION>
    <SERIALNUMBER>0</SERIALNUMBER>
    <ADJUSTMENTCLASSIFICATION>0</ADJUSTMENTCLASSIFICATION>
    <INCOMETAXSLAB>0</INCOMETAXSLAB>
    <INCOMETAXCLASSIFICATION>0</INCOMETAXCLASSIFICATION>
    <VOUCHER>0</VOUCHER>
   </CMPINFO>
  </DESC>
 </BODY>
</ENVELOPE>



06/01/2012  09:26:36 AM
Error-->>TallySynchronizer.TallyException: Ledger Not Found
		

Request 
<ENVELOPE>
<HEADER>
<VERSION>1</VERSION>
<TALLYREQUEST>Import</TALLYREQUEST>
<TYPE>Data</TYPE>
<ID>All Masters</ID>
</HEADER>
<BODY>
<DESC>
<STATICVARIABLES>
<SVCURRENTCOMPANY>CMS</SVCURRENTCOMPANY>
<IMPORTDUPS>@@DupIgnoreCombine</IMPORTDUPS>
</STATICVARIABLES>
</DESC>
<DATA>
<TALLYMESSAGE>
<VOUCHER DATE="20120105" TAGNAME = "Reference" TAGVALUE="149PAY" Action="Alter">
<DATE>20120105</DATE>
<NARRATION>[149PAY][172] ToWards : ledger cheq Cheque : [State Bank of India/BTM layout/55555]</NARRATION>
<VOUCHERTYPENAME>Receipt</VOUCHERTYPENAME>
<VOUCHERNUMBER>149PAY</VOUCHERNUMBER>
<REFERENCE>149PAY</REFERENCE>
<ALLLEDGERENTRIES.LIST>
<LEDGERNAME>TESTACCOUNT(TST)</LEDGERNAME>
<ISDEEMEDPOSITIVE>No</ISDEEMEDPOSITIVE>
<AMOUNT>1200</AMOUNT>
</ALLLEDGERENTRIES.LIST>
<ALLLEDGERENTRIES.LIST>
<LEDGERNAME>SRV</LEDGERNAME>
<ISDEEMEDPOSITIVE>Yes</ISDEEMEDPOSITIVE>
<AMOUNT>-600</AMOUNT>
</ALLLEDGERENTRIES.LIST>
<ALLLEDGERENTRIES.LIST>
<LEDGERNAME>Green Fees</LEDGERNAME>
<ISDEEMEDPOSITIVE>Yes</ISDEEMEDPOSITIVE>
<AMOUNT>-600</AMOUNT>
</ALLLEDGERENTRIES.LIST>

</VOUCHER>
</TALLYMESSAGE>
</DATA>
</BODY>
</ENVELOPE>

Response 
<ENVELOPE>
 <HEADER>
  <VERSION>1</VERSION>
  <STATUS>0</STATUS>
 </HEADER>
 <BODY>
  <DATA>
   <LINEERROR>Ledger &apos;Green Fees&apos; does not exist!</LINEERROR>
   <CREATED>0</CREATED>
   <ALTERED>0</ALTERED>
   <LASTVCHID>0</LASTVCHID>
   <LASTMID>0</LASTMID>
   <COMBINED>0</COMBINED>
   <IGNORED>0</IGNORED>
   <ERRORS>1</ERRORS>
  </DATA>
  <DESC>
   <CMPINFO>
    <COMPANY>0</COMPANY>
    <GROUP>0</GROUP>
    <LEDGER>16</LEDGER>
    <COSTCATEGORY>0</COSTCATEGORY>
    <COSTCENTRE>0</COSTCENTRE>
    <GODOWN>0</GODOWN>
    <STOCKGROUP>0</STOCKGROUP>
    <STOCKCATEGORY>0</STOCKCATEGORY>
    <STOCKITEM>0</STOCKITEM>
    <VOUCHERTYPE>0</VOUCHERTYPE>
    <CURRENCY>0</CURRENCY>
    <UNIT>0</UNIT>
    <BUDGET>0</BUDGET>
    <CLIENTRULE>0</CLIENTRULE>
    <SERVERRULE>0</SERVERRULE>
    <STATE>0</STATE>
    <TDSRATE>0</TDSRATE>
    <TAXCLASSIFICATION>0</TAXCLASSIFICATION>
    <STCATEGORY>0</STCATEGORY>
    <DEDUCTEETYPE>0</DEDUCTEETYPE>
    <ATTENDANCETYPE>0</ATTENDANCETYPE>
    <FBTCATEGORY>0</FBTCATEGORY>
    <FBTASSESSEETYPE>0</FBTASSESSEETYPE>
    <TARIFFCLASSIFICATION>0</TARIFFCLASSIFICATION>
    <EXCISEDUTYCLASSIFICATION>0</EXCISEDUTYCLASSIFICATION>
    <SERIALNUMBER>0</SERIALNUMBER>
    <ADJUSTMENTCLASSIFICATION>0</ADJUSTMENTCLASSIFICATION>
    <INCOMETAXSLAB>0</INCOMETAXSLAB>
    <INCOMETAXCLASSIFICATION>0</INCOMETAXCLASSIFICATION>
    <VOUCHER>0</VOUCHER>
   </CMPINFO>
  </DESC>
 </BODY>
</ENVELOPE>



06/01/2012  09:28:46 AM
Error-->>TallySynchronizer.TallyException: Ledger Mapping Not found for Entry Detail:1812
		EntryID = 797Ledger ID 241


06/01/2012  09:28:46 AM
Error-->>TallySynchronizer.TallyException: Ledger Mapping Not found for Entry Detail:1816
		EntryID = 798Ledger ID 241


06/01/2012  09:50:28 AM
Error-->>TallySynchronizer.TallyException: Ledger Mapping Not found for Entry Detail:1812
		EntryID = 797Ledger ID 241


06/01/2012  09:50:29 AM
Error-->>TallySynchronizer.TallyException: Ledger Mapping Not found for Entry Detail:1816
		EntryID = 798Ledger ID 241


06/01/2012  09:50:30 AM
Error-->>TallySynchronizer.TallyException: System.Exception: Voucher Original Entry Date Needed for modification not provided
   at TallySynchronizer.TallyVoucher.GetVoucherXML(String TallyCompanyName) in D:\TEST\TallySynchronizer\TallyVoucher.cs:line 258
   at TallySynchronizer.TallyConnection.AlterVoucherEntry(TallyVoucher VoucherEntry) in D:\TEST\TallySynchronizer\TallyConnection.cs:line 136
   at TallySynchronizer.Tally.UpdateTally(Tally_Entry TallyEntry, Tally_EntryDetails[] TallyEntryDetails, SyncType Type, Int16 RetryCount) in D:\TEST\TallySynchronizer\TallyManager.cs:line 426
   at TallySynchronizer.Tally.UpdateTally(Tally_Entry TallyEntry, Tally_EntryDetails[] TallyEntryDetails, SyncType Type, Int16 RetryCount) in D:\TEST\TallySynchronizer\TallyManager.cs:line 557
   at TallySynchronizer.Tally.UpdateTally(Tally_Entry TallyEntry, Tally_EntryDetails[] TallyEntryDetails, SyncType Type) in D:\TEST\TallySynchronizer\TallyManager.cs:line 305
   at TallySynchronizer.Tally.ExportOffLineTransactions() in D:\TEST\TallySynchronizer\TallyManager.cs:line 188
		


06/01/2012  09:50:43 AM
Error-->>TallySynchronizer.TallyException: Ledger Not Found
		

Request 
<ENVELOPE>
<HEADER>
<VERSION>1</VERSION>
<TALLYREQUEST>Import</TALLYREQUEST>
<TYPE>Data</TYPE>
<ID>All Masters</ID>
</HEADER>
<BODY>
<DESC>
<STATICVARIABLES>
<SVCURRENTCOMPANY>CMS</SVCURRENTCOMPANY>
<IMPORTDUPS>@@DupIgnoreCombine</IMPORTDUPS>
</STATICVARIABLES>
</DESC>
<DATA>
<TALLYMESSAGE>
<VOUCHER DATE="20120105" TAGNAME = "Reference" TAGVALUE="149PAY" Action="Alter">
<DATE>20120105</DATE>
<NARRATION>[149PAY][172] ToWards : ledger cheq Cheque : [State Bank of India/BTM layout/55555]</NARRATION>
<VOUCHERTYPENAME>Receipt</VOUCHERTYPENAME>
<VOUCHERNUMBER>149PAY</VOUCHERNUMBER>
<REFERENCE>149PAY</REFERENCE>
<ALLLEDGERENTRIES.LIST>
<LEDGERNAME>CSH</LEDGERNAME>
<ISDEEMEDPOSITIVE>No</ISDEEMEDPOSITIVE>
<AMOUNT>1200</AMOUNT>
</ALLLEDGERENTRIES.LIST>
<ALLLEDGERENTRIES.LIST>
<LEDGERNAME>SRV</LEDGERNAME>
<ISDEEMEDPOSITIVE>Yes</ISDEEMEDPOSITIVE>
<AMOUNT>-600</AMOUNT>
</ALLLEDGERENTRIES.LIST>
<ALLLEDGERENTRIES.LIST>
<LEDGERNAME>Green Fees</LEDGERNAME>
<ISDEEMEDPOSITIVE>Yes</ISDEEMEDPOSITIVE>
<AMOUNT>-600</AMOUNT>
</ALLLEDGERENTRIES.LIST>

</VOUCHER>
</TALLYMESSAGE>
</DATA>
</BODY>
</ENVELOPE>

Response 
<ENVELOPE>
 <HEADER>
  <VERSION>1</VERSION>
  <STATUS>0</STATUS>
 </HEADER>
 <BODY>
  <DATA>
   <LINEERROR>Ledger &apos;CSH&apos; does not exist!</LINEERROR>
   <CREATED>0</CREATED>
   <ALTERED>0</ALTERED>
   <LASTVCHID>0</LASTVCHID>
   <LASTMID>0</LASTMID>
   <COMBINED>0</COMBINED>
   <IGNORED>0</IGNORED>
   <ERRORS>1</ERRORS>
  </DATA>
  <DESC>
   <CMPINFO>
    <COMPANY>0</COMPANY>
    <GROUP>0</GROUP>
    <LEDGER>18</LEDGER>
    <COSTCATEGORY>0</COSTCATEGORY>
    <COSTCENTRE>0</COSTCENTRE>
    <GODOWN>0</GODOWN>
    <STOCKGROUP>0</STOCKGROUP>
    <STOCKCATEGORY>0</STOCKCATEGORY>
    <STOCKITEM>0</STOCKITEM>
    <VOUCHERTYPE>0</VOUCHERTYPE>
    <CURRENCY>0</CURRENCY>
    <UNIT>0</UNIT>
    <BUDGET>0</BUDGET>
    <CLIENTRULE>0</CLIENTRULE>
    <SERVERRULE>0</SERVERRULE>
    <STATE>0</STATE>
    <TDSRATE>0</TDSRATE>
    <TAXCLASSIFICATION>0</TAXCLASSIFICATION>
    <STCATEGORY>0</STCATEGORY>
    <DEDUCTEETYPE>0</DEDUCTEETYPE>
    <ATTENDANCETYPE>0</ATTENDANCETYPE>
    <FBTCATEGORY>0</FBTCATEGORY>
    <FBTASSESSEETYPE>0</FBTASSESSEETYPE>
    <TARIFFCLASSIFICATION>0</TARIFFCLASSIFICATION>
    <EXCISEDUTYCLASSIFICATION>0</EXCISEDUTYCLASSIFICATION>
    <SERIALNUMBER>0</SERIALNUMBER>
    <ADJUSTMENTCLASSIFICATION>0</ADJUSTMENTCLASSIFICATION>
    <INCOMETAXSLAB>0</INCOMETAXSLAB>
    <INCOMETAXCLASSIFICATION>0</INCOMETAXCLASSIFICATION>
    <VOUCHER>0</VOUCHER>
   </CMPINFO>
  </DESC>
 </BODY>
</ENVELOPE>



06/01/2012  09:50:47 AM
Error-->>TallySynchronizer.TallyException: <ENVELOPE>
 <HEADER>
  <VERSION>1</VERSION>
  <STATUS>1</STATUS>
 </HEADER>
 <BODY>
  <DATA>
   <IMPORTRESULT>
    <CREATED>0</CREATED>
    <ALTERED>1</ALTERED>
    <LASTVCHID>0</LASTVCHID>
    <LASTMID>0</LASTMID>
    <COMBINED>0</COMBINED>
    <IGNORED>0</IGNORED>
    <ERRORS>0</ERRORS>
   </IMPORTRESULT>
  </DATA>
  <DESC>
   <CMPINFO>
    <COMPANY>0</COMPANY>
    <GROUP>0</GROUP>
    <LEDGER>20</LEDGER>
    <COSTCATEGORY>0</COSTCATEGORY>
    <COSTCENTRE>0</COSTCENTRE>
    <GODOWN>0</GODOWN>
    <STOCKGROUP>0</STOCKGROUP>
    <STOCKCATEGORY>0</STOCKCATEGORY>
    <STOCKITEM>0</STOCKITEM>
    <VOUCHERTYPE>0</VOUCHERTYPE>
    <CURRENCY>0</CURRENCY>
    <UNIT>0</UNIT>
    <BUDGET>0</BUDGET>
    <CLIENTRULE>0</CLIENTRULE>
    <SERVERRULE>0</SERVERRULE>
    <STATE>0</STATE>
    <TDSRATE>0</TDSRATE>
    <TAXCLASSIFICATION>0</TAXCLASSIFICATION>
    <STCATEGORY>0</STCATEGORY>
    <DEDUCTEETYPE>0</DEDUCTEETYPE>
    <ATTENDANCETYPE>0</ATTENDANCETYPE>
    <FBTCATEGORY>0</FBTCATEGORY>
    <FBTASSESSEETYPE>0</FBTASSESSEETYPE>
    <TARIFFCLASSIFICATION>0</TARIFFCLASSIFICATION>
    <EXCISEDUTYCLASSIFICATION>0</EXCISEDUTYCLASSIFICATION>
    <SERIALNUMBER>0</SERIALNUMBER>
    <ADJUSTMENTCLASSIFICATION>0</ADJUSTMENTCLASSIFICATION>
    <INCOMETAXSLAB>0</INCOMETAXSLAB>
    <INCOMETAXCLASSIFICATION>0</INCOMETAXCLASSIFICATION>
    <VOUCHER>0</VOUCHER>
   </CMPINFO>
  </DESC>
 </BODY>
</ENVELOPE>

Response
<ENVELOPE><HEADER><VERSION>1</VERSION><TALLYREQUEST>Import</TALLYREQUEST><TYPE>Data</TYPE><ID>All Masters</ID></HEADER><BODY><DESC><STATICVARIABLES><SVCURRENTCOMPANY>CMS</SVCURRENTCOMPANY><IMPORTDUPS>@@DupIgnoreCombine</IMPORTDUPS></STATICVARIABLES></DESC><DATA><TALLYMESSAGE><LEDGER NAME="Service Tax@10%"><PARENT>Direct Incomes</PARENT><LANGUAGENAME.LIST><NAME.LIST TYPE="String"><NAME>Service Tax@10%</NAME><NAME>SRV</NAME></NAME.LIST></LANGUAGENAME.LIST></LEDGER></TALLYMESSAGE></DATA></BODY></ENVELOPE>
		Ledger Name : Service Tax@10%
Alias Name : SRV

 Request XML 
<ENVELOPE><HEADER><VERSION>1</VERSION><TALLYREQUEST>Import</TALLYREQUEST><TYPE>Data</TYPE><ID>All Masters</ID></HEADER><BODY><DESC><STATICVARIABLES><SVCURRENTCOMPANY>CMS</SVCURRENTCOMPANY><IMPORTDUPS>@@DupIgnoreCombine</IMPORTDUPS></STATICVARIABLES></DESC><DATA><TALLYMESSAGE><LEDGER NAME="Service Tax@10%"><PARENT>Direct Incomes</PARENT><LANGUAGENAME.LIST><NAME.LIST TYPE="String"><NAME>Service Tax@10%</NAME><NAME>SRV</NAME></NAME.LIST></LANGUAGENAME.LIST></LEDGER></TALLYMESSAGE></DATA></BODY></ENVELOPE>

 Response XML 
<ENVELOPE>
 <HEADER>
  <VERSION>1</VERSION>
  <STATUS>1</STATUS>
 </HEADER>
 <BODY>
  <DATA>
   <IMPORTRESULT>
    <CREATED>0</CREATED>
    <ALTERED>1</ALTERED>
    <LASTVCHID>0</LASTVCHID>
    <LASTMID>0</LASTMID>
    <COMBINED>0</COMBINED>
    <IGNORED>0</IGNORED>
    <ERRORS>0</ERRORS>
   </IMPORTRESULT>
  </DATA>
  <DESC>
   <CMPINFO>
    <COMPANY>0</COMPANY>
    <GROUP>0</GROUP>
    <LEDGER>20</LEDGER>
    <COSTCATEGORY>0</COSTCATEGORY>
    <COSTCENTRE>0</COSTCENTRE>
    <GODOWN>0</GODOWN>
    <STOCKGROUP>0</STOCKGROUP>
    <STOCKCATEGORY>0</STOCKCATEGORY>
    <STOCKITEM>0</STOCKITEM>
    <VOUCHERTYPE>0</VOUCHERTYPE>
    <CURRENCY>0</CURRENCY>
    <UNIT>0</UNIT>
    <BUDGET>0</BUDGET>
    <CLIENTRULE>0</CLIENTRULE>
    <SERVERRULE>0</SERVERRULE>
    <STATE>0</STATE>
    <TDSRATE>0</TDSRATE>
    <TAXCLASSIFICATION>0</TAXCLASSIFICATION>
    <STCATEGORY>0</STCATEGORY>
    <DEDUCTEETYPE>0</DEDUCTEETYPE>
    <ATTENDANCETYPE>0</ATTENDANCETYPE>
    <FBTCATEGORY>0</FBTCATEGORY>
    <FBTASSESSEETYPE>0</FBTASSESSEETYPE>
    <TARIFFCLASSIFICATION>0</TARIFFCLASSIFICATION>
    <EXCISEDUTYCLASSIFICATION>0</EXCISEDUTYCLASSIFICATION>
    <SERIALNUMBER>0</SERIALNUMBER>
    <ADJUSTMENTCLASSIFICATION>0</ADJUSTMENTCLASSIFICATION>
    <INCOMETAXSLAB>0</INCOMETAXSLAB>
    <INCOMETAXCLASSIFICATION>0</INCOMETAXCLASSIFICATION>
    <VOUCHER>0</VOUCHER>
   </CMPINFO>
  </DESC>
 </BODY>
</ENVELOPE>





06/01/2012  09:50:48 AM
Error-->>TallySynchronizer.TallyException: <ENVELOPE>
 <HEADER>
  <VERSION>1</VERSION>
  <STATUS>0</STATUS>
 </HEADER>
 <BODY>
  <DATA>
   <LINEERROR>Duplicate Entry!</LINEERROR>
   <CREATED>0</CREATED>
   <ALTERED>0</ALTERED>
   <LASTVCHID>0</LASTVCHID>
   <LASTMID>0</LASTMID>
   <COMBINED>0</COMBINED>
   <IGNORED>0</IGNORED>
   <ERRORS>1</ERRORS>
  </DATA>
  <DESC>
   <CMPINFO>
    <COMPANY>0</COMPANY>
    <GROUP>0</GROUP>
    <LEDGER>20</LEDGER>
    <COSTCATEGORY>0</COSTCATEGORY>
    <COSTCENTRE>0</COSTCENTRE>
    <GODOWN>0</GODOWN>
    <STOCKGROUP>0</STOCKGROUP>
    <STOCKCATEGORY>0</STOCKCATEGORY>
    <STOCKITEM>0</STOCKITEM>
    <VOUCHERTYPE>0</VOUCHERTYPE>
    <CURRENCY>0</CURRENCY>
    <UNIT>0</UNIT>
    <BUDGET>0</BUDGET>
    <CLIENTRULE>0</CLIENTRULE>
    <SERVERRULE>0</SERVERRULE>
    <STATE>0</STATE>
    <TDSRATE>0</TDSRATE>
    <TAXCLASSIFICATION>0</TAXCLASSIFICATION>
    <STCATEGORY>0</STCATEGORY>
    <DEDUCTEETYPE>0</DEDUCTEETYPE>
    <ATTENDANCETYPE>0</ATTENDANCETYPE>
    <FBTCATEGORY>0</FBTCATEGORY>
    <FBTASSESSEETYPE>0</FBTASSESSEETYPE>
    <TARIFFCLASSIFICATION>0</TARIFFCLASSIFICATION>
    <EXCISEDUTYCLASSIFICATION>0</EXCISEDUTYCLASSIFICATION>
    <SERIALNUMBER>0</SERIALNUMBER>
    <ADJUSTMENTCLASSIFICATION>0</ADJUSTMENTCLASSIFICATION>
    <INCOMETAXSLAB>0</INCOMETAXSLAB>
    <INCOMETAXCLASSIFICATION>0</INCOMETAXCLASSIFICATION>
    <VOUCHER>0</VOUCHER>
   </CMPINFO>
  </DESC>
 </BODY>
</ENVELOPE>

Response
<ENVELOPE><HEADER><VERSION>1</VERSION><TALLYREQUEST>Import</TALLYREQUEST><TYPE>Data</TYPE><ID>All Masters</ID></HEADER><BODY><DESC><STATICVARIABLES><SVCURRENTCOMPANY>CMS</SVCURRENTCOMPANY><IMPORTDUPS>@@DupIgnoreCombine</IMPORTDUPS></STATICVARIABLES></DESC><DATA><TALLYMESSAGE><LEDGER NAME="Green Fees"><PARENT>Direct Incomes</PARENT><LANGUAGENAME.LIST><NAME.LIST TYPE="String"><NAME>Green Fees</NAME><NAME>Green Fees</NAME></NAME.LIST></LANGUAGENAME.LIST></LEDGER></TALLYMESSAGE></DATA></BODY></ENVELOPE>
		Ledger Name : Green Fees
Alias Name : Green Fees

 Request XML 
<ENVELOPE><HEADER><VERSION>1</VERSION><TALLYREQUEST>Import</TALLYREQUEST><TYPE>Data</TYPE><ID>All Masters</ID></HEADER><BODY><DESC><STATICVARIABLES><SVCURRENTCOMPANY>CMS</SVCURRENTCOMPANY><IMPORTDUPS>@@DupIgnoreCombine</IMPORTDUPS></STATICVARIABLES></DESC><DATA><TALLYMESSAGE><LEDGER NAME="Green Fees"><PARENT>Direct Incomes</PARENT><LANGUAGENAME.LIST><NAME.LIST TYPE="String"><NAME>Green Fees</NAME><NAME>Green Fees</NAME></NAME.LIST></LANGUAGENAME.LIST></LEDGER></TALLYMESSAGE></DATA></BODY></ENVELOPE>

 Response XML 
<ENVELOPE>
 <HEADER>
  <VERSION>1</VERSION>
  <STATUS>0</STATUS>
 </HEADER>
 <BODY>
  <DATA>
   <LINEERROR>Duplicate Entry!</LINEERROR>
   <CREATED>0</CREATED>
   <ALTERED>0</ALTERED>
   <LASTVCHID>0</LASTVCHID>
   <LASTMID>0</LASTMID>
   <COMBINED>0</COMBINED>
   <IGNORED>0</IGNORED>
   <ERRORS>1</ERRORS>
  </DATA>
  <DESC>
   <CMPINFO>
    <COMPANY>0</COMPANY>
    <GROUP>0</GROUP>
    <LEDGER>20</LEDGER>
    <COSTCATEGORY>0</COSTCATEGORY>
    <COSTCENTRE>0</COSTCENTRE>
    <GODOWN>0</GODOWN>
    <STOCKGROUP>0</STOCKGROUP>
    <STOCKCATEGORY>0</STOCKCATEGORY>
    <STOCKITEM>0</STOCKITEM>
    <VOUCHERTYPE>0</VOUCHERTYPE>
    <CURRENCY>0</CURRENCY>
    <UNIT>0</UNIT>
    <BUDGET>0</BUDGET>
    <CLIENTRULE>0</CLIENTRULE>
    <SERVERRULE>0</SERVERRULE>
    <STATE>0</STATE>
    <TDSRATE>0</TDSRATE>
    <TAXCLASSIFICATION>0</TAXCLASSIFICATION>
    <STCATEGORY>0</STCATEGORY>
    <DEDUCTEETYPE>0</DEDUCTEETYPE>
    <ATTENDANCETYPE>0</ATTENDANCETYPE>
    <FBTCATEGORY>0</FBTCATEGORY>
    <FBTASSESSEETYPE>0</FBTASSESSEETYPE>
    <TARIFFCLASSIFICATION>0</TARIFFCLASSIFICATION>
    <EXCISEDUTYCLASSIFICATION>0</EXCISEDUTYCLASSIFICATION>
    <SERIALNUMBER>0</SERIALNUMBER>
    <ADJUSTMENTCLASSIFICATION>0</ADJUSTMENTCLASSIFICATION>
    <INCOMETAXSLAB>0</INCOMETAXSLAB>
    <INCOMETAXCLASSIFICATION>0</INCOMETAXCLASSIFICATION>
    <VOUCHER>0</VOUCHER>
   </CMPINFO>
  </DESC>
 </BODY>
</ENVELOPE>





06/01/2012  09:50:49 AM
Error-->>TallySynchronizer.TallyException: Ledger Not Found
		

Request 
<ENVELOPE>
<HEADER>
<VERSION>1</VERSION>
<TALLYREQUEST>Import</TALLYREQUEST>
<TYPE>Data</TYPE>
<ID>All Masters</ID>
</HEADER>
<BODY>
<DESC>
<STATICVARIABLES>
<SVCURRENTCOMPANY>CMS</SVCURRENTCOMPANY>
<IMPORTDUPS>@@DupIgnoreCombine</IMPORTDUPS>
</STATICVARIABLES>
</DESC>
<DATA>
<TALLYMESSAGE>
<VOUCHER DATE="20120105" TAGNAME = "Reference" TAGVALUE="149PAY" Action="Alter">
<DATE>20120105</DATE>
<NARRATION>[149PAY][172] ToWards : ledger cheq Cheque : [State Bank of India/BTM layout/55555]</NARRATION>
<VOUCHERTYPENAME>Receipt</VOUCHERTYPENAME>
<VOUCHERNUMBER>149PAY</VOUCHERNUMBER>
<REFERENCE>149PAY</REFERENCE>
<ALLLEDGERENTRIES.LIST>
<LEDGERNAME>CSH</LEDGERNAME>
<ISDEEMEDPOSITIVE>No</ISDEEMEDPOSITIVE>
<AMOUNT>1200</AMOUNT>
</ALLLEDGERENTRIES.LIST>
<ALLLEDGERENTRIES.LIST>
<LEDGERNAME>SRV</LEDGERNAME>
<ISDEEMEDPOSITIVE>Yes</ISDEEMEDPOSITIVE>
<AMOUNT>-600</AMOUNT>
</ALLLEDGERENTRIES.LIST>
<ALLLEDGERENTRIES.LIST>
<LEDGERNAME>Green Fees</LEDGERNAME>
<ISDEEMEDPOSITIVE>Yes</ISDEEMEDPOSITIVE>
<AMOUNT>-600</AMOUNT>
</ALLLEDGERENTRIES.LIST>

</VOUCHER>
</TALLYMESSAGE>
</DATA>
</BODY>
</ENVELOPE>

Response 
<ENVELOPE>
 <HEADER>
  <VERSION>1</VERSION>
  <STATUS>0</STATUS>
 </HEADER>
 <BODY>
  <DATA>
   <LINEERROR>Ledger &apos;Green Fees&apos; does not exist!</LINEERROR>
   <CREATED>0</CREATED>
   <ALTERED>0</ALTERED>
   <LASTVCHID>0</LASTVCHID>
   <LASTMID>0</LASTMID>
   <COMBINED>0</COMBINED>
   <IGNORED>0</IGNORED>
   <ERRORS>1</ERRORS>
  </DATA>
  <DESC>
   <CMPINFO>
    <COMPANY>0</COMPANY>
    <GROUP>0</GROUP>
    <LEDGER>20</LEDGER>
    <COSTCATEGORY>0</COSTCATEGORY>
    <COSTCENTRE>0</COSTCENTRE>
    <GODOWN>0</GODOWN>
    <STOCKGROUP>0</STOCKGROUP>
    <STOCKCATEGORY>0</STOCKCATEGORY>
    <STOCKITEM>0</STOCKITEM>
    <VOUCHERTYPE>0</VOUCHERTYPE>
    <CURRENCY>0</CURRENCY>
    <UNIT>0</UNIT>
    <BUDGET>0</BUDGET>
    <CLIENTRULE>0</CLIENTRULE>
    <SERVERRULE>0</SERVERRULE>
    <STATE>0</STATE>
    <TDSRATE>0</TDSRATE>
    <TAXCLASSIFICATION>0</TAXCLASSIFICATION>
    <STCATEGORY>0</STCATEGORY>
    <DEDUCTEETYPE>0</DEDUCTEETYPE>
    <ATTENDANCETYPE>0</ATTENDANCETYPE>
    <FBTCATEGORY>0</FBTCATEGORY>
    <FBTASSESSEETYPE>0</FBTASSESSEETYPE>
    <TARIFFCLASSIFICATION>0</TARIFFCLASSIFICATION>
    <EXCISEDUTYCLASSIFICATION>0</EXCISEDUTYCLASSIFICATION>
    <SERIALNUMBER>0</SERIALNUMBER>
    <ADJUSTMENTCLASSIFICATION>0</ADJUSTMENTCLASSIFICATION>
    <INCOMETAXSLAB>0</INCOMETAXSLAB>
    <INCOMETAXCLASSIFICATION>0</INCOMETAXCLASSIFICATION>
    <VOUCHER>0</VOUCHER>
   </CMPINFO>
  </DESC>
 </BODY>
</ENVELOPE>



06/01/2012  09:50:50 AM
Error-->>TallySynchronizer.TallyException: <ENVELOPE>
 <HEADER>
  <VERSION>1</VERSION>
  <STATUS>1</STATUS>
 </HEADER>
 <BODY>
  <DATA>
   <IMPORTRESULT>
    <CREATED>0</CREATED>
    <ALTERED>1</ALTERED>
    <LASTVCHID>0</LASTVCHID>
    <LASTMID>0</LASTMID>
    <COMBINED>0</COMBINED>
    <IGNORED>0</IGNORED>
    <ERRORS>0</ERRORS>
   </IMPORTRESULT>
  </DATA>
  <DESC>
   <CMPINFO>
    <COMPANY>0</COMPANY>
    <GROUP>0</GROUP>
    <LEDGER>21</LEDGER>
    <COSTCATEGORY>0</COSTCATEGORY>
    <COSTCENTRE>0</COSTCENTRE>
    <GODOWN>0</GODOWN>
    <STOCKGROUP>0</STOCKGROUP>
    <STOCKCATEGORY>0</STOCKCATEGORY>
    <STOCKITEM>0</STOCKITEM>
    <VOUCHERTYPE>0</VOUCHERTYPE>
    <CURRENCY>0</CURRENCY>
    <UNIT>0</UNIT>
    <BUDGET>0</BUDGET>
    <CLIENTRULE>0</CLIENTRULE>
    <SERVERRULE>0</SERVERRULE>
    <STATE>0</STATE>
    <TDSRATE>0</TDSRATE>
    <TAXCLASSIFICATION>0</TAXCLASSIFICATION>
    <STCATEGORY>0</STCATEGORY>
    <DEDUCTEETYPE>0</DEDUCTEETYPE>
    <ATTENDANCETYPE>0</ATTENDANCETYPE>
    <FBTCATEGORY>0</FBTCATEGORY>
    <FBTASSESSEETYPE>0</FBTASSESSEETYPE>
    <TARIFFCLASSIFICATION>0</TARIFFCLASSIFICATION>
    <EXCISEDUTYCLASSIFICATION>0</EXCISEDUTYCLASSIFICATION>
    <SERIALNUMBER>0</SERIALNUMBER>
    <ADJUSTMENTCLASSIFICATION>0</ADJUSTMENTCLASSIFICATION>
    <INCOMETAXSLAB>0</INCOMETAXSLAB>
    <INCOMETAXCLASSIFICATION>0</INCOMETAXCLASSIFICATION>
    <VOUCHER>0</VOUCHER>
   </CMPINFO>
  </DESC>
 </BODY>
</ENVELOPE>

Response
<ENVELOPE><HEADER><VERSION>1</VERSION><TALLYREQUEST>Import</TALLYREQUEST><TYPE>Data</TYPE><ID>All Masters</ID></HEADER><BODY><DESC><STATICVARIABLES><SVCURRENTCOMPANY>CMS</SVCURRENTCOMPANY><IMPORTDUPS>@@DupIgnoreCombine</IMPORTDUPS></STATICVARIABLES></DESC><DATA><TALLYMESSAGE><LEDGER NAME="Hon-Member charges"><PARENT>Direct Incomes</PARENT><LANGUAGENAME.LIST><NAME.LIST TYPE="String"><NAME>Hon-Member charges</NAME><NAME>CSH</NAME></NAME.LIST></LANGUAGENAME.LIST></LEDGER></TALLYMESSAGE></DATA></BODY></ENVELOPE>
		Ledger Name : Hon-Member charges
Alias Name : CSH

 Request XML 
<ENVELOPE><HEADER><VERSION>1</VERSION><TALLYREQUEST>Import</TALLYREQUEST><TYPE>Data</TYPE><ID>All Masters</ID></HEADER><BODY><DESC><STATICVARIABLES><SVCURRENTCOMPANY>CMS</SVCURRENTCOMPANY><IMPORTDUPS>@@DupIgnoreCombine</IMPORTDUPS></STATICVARIABLES></DESC><DATA><TALLYMESSAGE><LEDGER NAME="Hon-Member charges"><PARENT>Direct Incomes</PARENT><LANGUAGENAME.LIST><NAME.LIST TYPE="String"><NAME>Hon-Member charges</NAME><NAME>CSH</NAME></NAME.LIST></LANGUAGENAME.LIST></LEDGER></TALLYMESSAGE></DATA></BODY></ENVELOPE>

 Response XML 
<ENVELOPE>
 <HEADER>
  <VERSION>1</VERSION>
  <STATUS>1</STATUS>
 </HEADER>
 <BODY>
  <DATA>
   <IMPORTRESULT>
    <CREATED>0</CREATED>
    <ALTERED>1</ALTERED>
    <LASTVCHID>0</LASTVCHID>
    <LASTMID>0</LASTMID>
    <COMBINED>0</COMBINED>
    <IGNORED>0</IGNORED>
    <ERRORS>0</ERRORS>
   </IMPORTRESULT>
  </DATA>
  <DESC>
   <CMPINFO>
    <COMPANY>0</COMPANY>
    <GROUP>0</GROUP>
    <LEDGER>21</LEDGER>
    <COSTCATEGORY>0</COSTCATEGORY>
    <COSTCENTRE>0</COSTCENTRE>
    <GODOWN>0</GODOWN>
    <STOCKGROUP>0</STOCKGROUP>
    <STOCKCATEGORY>0</STOCKCATEGORY>
    <STOCKITEM>0</STOCKITEM>
    <VOUCHERTYPE>0</VOUCHERTYPE>
    <CURRENCY>0</CURRENCY>
    <UNIT>0</UNIT>
    <BUDGET>0</BUDGET>
    <CLIENTRULE>0</CLIENTRULE>
    <SERVERRULE>0</SERVERRULE>
    <STATE>0</STATE>
    <TDSRATE>0</TDSRATE>
    <TAXCLASSIFICATION>0</TAXCLASSIFICATION>
    <STCATEGORY>0</STCATEGORY>
    <DEDUCTEETYPE>0</DEDUCTEETYPE>
    <ATTENDANCETYPE>0</ATTENDANCETYPE>
    <FBTCATEGORY>0</FBTCATEGORY>
    <FBTASSESSEETYPE>0</FBTASSESSEETYPE>
    <TARIFFCLASSIFICATION>0</TARIFFCLASSIFICATION>
    <EXCISEDUTYCLASSIFICATION>0</EXCISEDUTYCLASSIFICATION>
    <SERIALNUMBER>0</SERIALNUMBER>
    <ADJUSTMENTCLASSIFICATION>0</ADJUSTMENTCLASSIFICATION>
    <INCOMETAXSLAB>0</INCOMETAXSLAB>
    <INCOMETAXCLASSIFICATION>0</INCOMETAXCLASSIFICATION>
    <VOUCHER>0</VOUCHER>
   </CMPINFO>
  </DESC>
 </BODY>
</ENVELOPE>





06/01/2012  09:50:51 AM
Error-->>TallySynchronizer.TallyException: <ENVELOPE>
 <HEADER>
  <VERSION>1</VERSION>
  <STATUS>1</STATUS>
 </HEADER>
 <BODY>
  <DATA>
   <IMPORTRESULT>
    <CREATED>0</CREATED>
    <ALTERED>1</ALTERED>
    <LASTVCHID>0</LASTVCHID>
    <LASTMID>0</LASTMID>
    <COMBINED>0</COMBINED>
    <IGNORED>0</IGNORED>
    <ERRORS>0</ERRORS>
   </IMPORTRESULT>
  </DATA>
  <DESC>
   <CMPINFO>
    <COMPANY>0</COMPANY>
    <GROUP>0</GROUP>
    <LEDGER>22</LEDGER>
    <COSTCATEGORY>0</COSTCATEGORY>
    <COSTCENTRE>0</COSTCENTRE>
    <GODOWN>0</GODOWN>
    <STOCKGROUP>0</STOCKGROUP>
    <STOCKCATEGORY>0</STOCKCATEGORY>
    <STOCKITEM>0</STOCKITEM>
    <VOUCHERTYPE>0</VOUCHERTYPE>
    <CURRENCY>0</CURRENCY>
    <UNIT>0</UNIT>
    <BUDGET>0</BUDGET>
    <CLIENTRULE>0</CLIENTRULE>
    <SERVERRULE>0</SERVERRULE>
    <STATE>0</STATE>
    <TDSRATE>0</TDSRATE>
    <TAXCLASSIFICATION>0</TAXCLASSIFICATION>
    <STCATEGORY>0</STCATEGORY>
    <DEDUCTEETYPE>0</DEDUCTEETYPE>
    <ATTENDANCETYPE>0</ATTENDANCETYPE>
    <FBTCATEGORY>0</FBTCATEGORY>
    <FBTASSESSEETYPE>0</FBTASSESSEETYPE>
    <TARIFFCLASSIFICATION>0</TARIFFCLASSIFICATION>
    <EXCISEDUTYCLASSIFICATION>0</EXCISEDUTYCLASSIFICATION>
    <SERIALNUMBER>0</SERIALNUMBER>
    <ADJUSTMENTCLASSIFICATION>0</ADJUSTMENTCLASSIFICATION>
    <INCOMETAXSLAB>0</INCOMETAXSLAB>
    <INCOMETAXCLASSIFICATION>0</INCOMETAXCLASSIFICATION>
    <VOUCHER>0</VOUCHER>
   </CMPINFO>
  </DESC>
 </BODY>
</ENVELOPE>

Response
<ENVELOPE><HEADER><VERSION>1</VERSION><TALLYREQUEST>Import</TALLYREQUEST><TYPE>Data</TYPE><ID>All Masters</ID></HEADER><BODY><DESC><STATICVARIABLES><SVCURRENTCOMPANY>CMS</SVCURRENTCOMPANY><IMPORTDUPS>@@DupIgnoreCombine</IMPORTDUPS></STATICVARIABLES></DESC><DATA><TALLYMESSAGE><LEDGER NAME="Service Tax@10%"><PARENT>Direct Incomes</PARENT><LANGUAGENAME.LIST><NAME.LIST TYPE="String"><NAME>Service Tax@10%</NAME><NAME>SRV</NAME></NAME.LIST></LANGUAGENAME.LIST></LEDGER></TALLYMESSAGE></DATA></BODY></ENVELOPE>
		Ledger Name : Service Tax@10%
Alias Name : SRV

 Request XML 
<ENVELOPE><HEADER><VERSION>1</VERSION><TALLYREQUEST>Import</TALLYREQUEST><TYPE>Data</TYPE><ID>All Masters</ID></HEADER><BODY><DESC><STATICVARIABLES><SVCURRENTCOMPANY>CMS</SVCURRENTCOMPANY><IMPORTDUPS>@@DupIgnoreCombine</IMPORTDUPS></STATICVARIABLES></DESC><DATA><TALLYMESSAGE><LEDGER NAME="Service Tax@10%"><PARENT>Direct Incomes</PARENT><LANGUAGENAME.LIST><NAME.LIST TYPE="String"><NAME>Service Tax@10%</NAME><NAME>SRV</NAME></NAME.LIST></LANGUAGENAME.LIST></LEDGER></TALLYMESSAGE></DATA></BODY></ENVELOPE>

 Response XML 
<ENVELOPE>
 <HEADER>
  <VERSION>1</VERSION>
  <STATUS>1</STATUS>
 </HEADER>
 <BODY>
  <DATA>
   <IMPORTRESULT>
    <CREATED>0</CREATED>
    <ALTERED>1</ALTERED>
    <LASTVCHID>0</LASTVCHID>
    <LASTMID>0</LASTMID>
    <COMBINED>0</COMBINED>
    <IGNORED>0</IGNORED>
    <ERRORS>0</ERRORS>
   </IMPORTRESULT>
  </DATA>
  <DESC>
   <CMPINFO>
    <COMPANY>0</COMPANY>
    <GROUP>0</GROUP>
    <LEDGER>22</LEDGER>
    <COSTCATEGORY>0</COSTCATEGORY>
    <COSTCENTRE>0</COSTCENTRE>
    <GODOWN>0</GODOWN>
    <STOCKGROUP>0</STOCKGROUP>
    <STOCKCATEGORY>0</STOCKCATEGORY>
    <STOCKITEM>0</STOCKITEM>
    <VOUCHERTYPE>0</VOUCHERTYPE>
    <CURRENCY>0</CURRENCY>
    <UNIT>0</UNIT>
    <BUDGET>0</BUDGET>
    <CLIENTRULE>0</CLIENTRULE>
    <SERVERRULE>0</SERVERRULE>
    <STATE>0</STATE>
    <TDSRATE>0</TDSRATE>
    <TAXCLASSIFICATION>0</TAXCLASSIFICATION>
    <STCATEGORY>0</STCATEGORY>
    <DEDUCTEETYPE>0</DEDUCTEETYPE>
    <ATTENDANCETYPE>0</ATTENDANCETYPE>
    <FBTCATEGORY>0</FBTCATEGORY>
    <FBTASSESSEETYPE>0</FBTASSESSEETYPE>
    <TARIFFCLASSIFICATION>0</TARIFFCLASSIFICATION>
    <EXCISEDUTYCLASSIFICATION>0</EXCISEDUTYCLASSIFICATION>
    <SERIALNUMBER>0</SERIALNUMBER>
    <ADJUSTMENTCLASSIFICATION>0</ADJUSTMENTCLASSIFICATION>
    <INCOMETAXSLAB>0</INCOMETAXSLAB>
    <INCOMETAXCLASSIFICATION>0</INCOMETAXCLASSIFICATION>
    <VOUCHER>0</VOUCHER>
   </CMPINFO>
  </DESC>
 </BODY>
</ENVELOPE>





06/01/2012  09:50:52 AM
Error-->>TallySynchronizer.TallyException: <ENVELOPE>
 <HEADER>
  <VERSION>1</VERSION>
  <STATUS>0</STATUS>
 </HEADER>
 <BODY>
  <DATA>
   <LINEERROR>Duplicate Entry!</LINEERROR>
   <CREATED>0</CREATED>
   <ALTERED>0</ALTERED>
   <LASTVCHID>0</LASTVCHID>
   <LASTMID>0</LASTMID>
   <COMBINED>0</COMBINED>
   <IGNORED>0</IGNORED>
   <ERRORS>1</ERRORS>
  </DATA>
  <DESC>
   <CMPINFO>
    <COMPANY>0</COMPANY>
    <GROUP>0</GROUP>
    <LEDGER>22</LEDGER>
    <COSTCATEGORY>0</COSTCATEGORY>
    <COSTCENTRE>0</COSTCENTRE>
    <GODOWN>0</GODOWN>
    <STOCKGROUP>0</STOCKGROUP>
    <STOCKCATEGORY>0</STOCKCATEGORY>
    <STOCKITEM>0</STOCKITEM>
    <VOUCHERTYPE>0</VOUCHERTYPE>
    <CURRENCY>0</CURRENCY>
    <UNIT>0</UNIT>
    <BUDGET>0</BUDGET>
    <CLIENTRULE>0</CLIENTRULE>
    <SERVERRULE>0</SERVERRULE>
    <STATE>0</STATE>
    <TDSRATE>0</TDSRATE>
    <TAXCLASSIFICATION>0</TAXCLASSIFICATION>
    <STCATEGORY>0</STCATEGORY>
    <DEDUCTEETYPE>0</DEDUCTEETYPE>
    <ATTENDANCETYPE>0</ATTENDANCETYPE>
    <FBTCATEGORY>0</FBTCATEGORY>
    <FBTASSESSEETYPE>0</FBTASSESSEETYPE>
    <TARIFFCLASSIFICATION>0</TARIFFCLASSIFICATION>
    <EXCISEDUTYCLASSIFICATION>0</EXCISEDUTYCLASSIFICATION>
    <SERIALNUMBER>0</SERIALNUMBER>
    <ADJUSTMENTCLASSIFICATION>0</ADJUSTMENTCLASSIFICATION>
    <INCOMETAXSLAB>0</INCOMETAXSLAB>
    <INCOMETAXCLASSIFICATION>0</INCOMETAXCLASSIFICATION>
    <VOUCHER>0</VOUCHER>
   </CMPINFO>
  </DESC>
 </BODY>
</ENVELOPE>

Response
<ENVELOPE><HEADER><VERSION>1</VERSION><TALLYREQUEST>Import</TALLYREQUEST><TYPE>Data</TYPE><ID>All Masters</ID></HEADER><BODY><DESC><STATICVARIABLES><SVCURRENTCOMPANY>CMS</SVCURRENTCOMPANY><IMPORTDUPS>@@DupIgnoreCombine</IMPORTDUPS></STATICVARIABLES></DESC><DATA><TALLYMESSAGE><LEDGER NAME="Green Fees"><PARENT>Direct Incomes</PARENT><LANGUAGENAME.LIST><NAME.LIST TYPE="String"><NAME>Green Fees</NAME><NAME>Green Fees</NAME></NAME.LIST></LANGUAGENAME.LIST></LEDGER></TALLYMESSAGE></DATA></BODY></ENVELOPE>
		Ledger Name : Green Fees
Alias Name : Green Fees

 Request XML 
<ENVELOPE><HEADER><VERSION>1</VERSION><TALLYREQUEST>Import</TALLYREQUEST><TYPE>Data</TYPE><ID>All Masters</ID></HEADER><BODY><DESC><STATICVARIABLES><SVCURRENTCOMPANY>CMS</SVCURRENTCOMPANY><IMPORTDUPS>@@DupIgnoreCombine</IMPORTDUPS></STATICVARIABLES></DESC><DATA><TALLYMESSAGE><LEDGER NAME="Green Fees"><PARENT>Direct Incomes</PARENT><LANGUAGENAME.LIST><NAME.LIST TYPE="String"><NAME>Green Fees</NAME><NAME>Green Fees</NAME></NAME.LIST></LANGUAGENAME.LIST></LEDGER></TALLYMESSAGE></DATA></BODY></ENVELOPE>

 Response XML 
<ENVELOPE>
 <HEADER>
  <VERSION>1</VERSION>
  <STATUS>0</STATUS>
 </HEADER>
 <BODY>
  <DATA>
   <LINEERROR>Duplicate Entry!</LINEERROR>
   <CREATED>0</CREATED>
   <ALTERED>0</ALTERED>
   <LASTVCHID>0</LASTVCHID>
   <LASTMID>0</LASTMID>
   <COMBINED>0</COMBINED>
   <IGNORED>0</IGNORED>
   <ERRORS>1</ERRORS>
  </DATA>
  <DESC>
   <CMPINFO>
    <COMPANY>0</COMPANY>
    <GROUP>0</GROUP>
    <LEDGER>22</LEDGER>
    <COSTCATEGORY>0</COSTCATEGORY>
    <COSTCENTRE>0</COSTCENTRE>
    <GODOWN>0</GODOWN>
    <STOCKGROUP>0</STOCKGROUP>
    <STOCKCATEGORY>0</STOCKCATEGORY>
    <STOCKITEM>0</STOCKITEM>
    <VOUCHERTYPE>0</VOUCHERTYPE>
    <CURRENCY>0</CURRENCY>
    <UNIT>0</UNIT>
    <BUDGET>0</BUDGET>
    <CLIENTRULE>0</CLIENTRULE>
    <SERVERRULE>0</SERVERRULE>
    <STATE>0</STATE>
    <TDSRATE>0</TDSRATE>
    <TAXCLASSIFICATION>0</TAXCLASSIFICATION>
    <STCATEGORY>0</STCATEGORY>
    <DEDUCTEETYPE>0</DEDUCTEETYPE>
    <ATTENDANCETYPE>0</ATTENDANCETYPE>
    <FBTCATEGORY>0</FBTCATEGORY>
    <FBTASSESSEETYPE>0</FBTASSESSEETYPE>
    <TARIFFCLASSIFICATION>0</TARIFFCLASSIFICATION>
    <EXCISEDUTYCLASSIFICATION>0</EXCISEDUTYCLASSIFICATION>
    <SERIALNUMBER>0</SERIALNUMBER>
    <ADJUSTMENTCLASSIFICATION>0</ADJUSTMENTCLASSIFICATION>
    <INCOMETAXSLAB>0</INCOMETAXSLAB>
    <INCOMETAXCLASSIFICATION>0</INCOMETAXCLASSIFICATION>
    <VOUCHER>0</VOUCHER>
   </CMPINFO>
  </DESC>
 </BODY>
</ENVELOPE>





06/01/2012  09:50:54 AM
Error-->>TallySynchronizer.TallyException: Ledger Not Found
		

Request 
<ENVELOPE>
<HEADER>
<VERSION>1</VERSION>
<TALLYREQUEST>Import</TALLYREQUEST>
<TYPE>Data</TYPE>
<ID>All Masters</ID>
</HEADER>
<BODY>
<DESC>
<STATICVARIABLES>
<SVCURRENTCOMPANY>CMS</SVCURRENTCOMPANY>
<IMPORTDUPS>@@DupIgnoreCombine</IMPORTDUPS>
</STATICVARIABLES>
</DESC>
<DATA>
<TALLYMESSAGE>
<VOUCHER DATE="20120105" TAGNAME = "Reference" TAGVALUE="149PAY" Action="Alter">
<DATE>20120105</DATE>
<NARRATION>[149PAY][172] ToWards : ledger cheq Cheque : [State Bank of India/BTM layout/55555]</NARRATION>
<VOUCHERTYPENAME>Receipt</VOUCHERTYPENAME>
<VOUCHERNUMBER>149PAY</VOUCHERNUMBER>
<REFERENCE>149PAY</REFERENCE>
<ALLLEDGERENTRIES.LIST>
<LEDGERNAME>CSH</LEDGERNAME>
<ISDEEMEDPOSITIVE>No</ISDEEMEDPOSITIVE>
<AMOUNT>1200</AMOUNT>
</ALLLEDGERENTRIES.LIST>
<ALLLEDGERENTRIES.LIST>
<LEDGERNAME>SRV</LEDGERNAME>
<ISDEEMEDPOSITIVE>Yes</ISDEEMEDPOSITIVE>
<AMOUNT>-600</AMOUNT>
</ALLLEDGERENTRIES.LIST>
<ALLLEDGERENTRIES.LIST>
<LEDGERNAME>Green Fees</LEDGERNAME>
<ISDEEMEDPOSITIVE>Yes</ISDEEMEDPOSITIVE>
<AMOUNT>-600</AMOUNT>
</ALLLEDGERENTRIES.LIST>

</VOUCHER>
</TALLYMESSAGE>
</DATA>
</BODY>
</ENVELOPE>

Response 
<ENVELOPE>
 <HEADER>
  <VERSION>1</VERSION>
  <STATUS>0</STATUS>
 </HEADER>
 <BODY>
  <DATA>
   <LINEERROR>Ledger &apos;Green Fees&apos; does not exist!</LINEERROR>
   <CREATED>0</CREATED>
   <ALTERED>0</ALTERED>
   <LASTVCHID>0</LASTVCHID>
   <LASTMID>0</LASTMID>
   <COMBINED>0</COMBINED>
   <IGNORED>0</IGNORED>
   <ERRORS>1</ERRORS>
  </DATA>
  <DESC>
   <CMPINFO>
    <COMPANY>0</COMPANY>
    <GROUP>0</GROUP>
    <LEDGER>22</LEDGER>
    <COSTCATEGORY>0</COSTCATEGORY>
    <COSTCENTRE>0</COSTCENTRE>
    <GODOWN>0</GODOWN>
    <STOCKGROUP>0</STOCKGROUP>
    <STOCKCATEGORY>0</STOCKCATEGORY>
    <STOCKITEM>0</STOCKITEM>
    <VOUCHERTYPE>0</VOUCHERTYPE>
    <CURRENCY>0</CURRENCY>
    <UNIT>0</UNIT>
    <BUDGET>0</BUDGET>
    <CLIENTRULE>0</CLIENTRULE>
    <SERVERRULE>0</SERVERRULE>
    <STATE>0</STATE>
    <TDSRATE>0</TDSRATE>
    <TAXCLASSIFICATION>0</TAXCLASSIFICATION>
    <STCATEGORY>0</STCATEGORY>
    <DEDUCTEETYPE>0</DEDUCTEETYPE>
    <ATTENDANCETYPE>0</ATTENDANCETYPE>
    <FBTCATEGORY>0</FBTCATEGORY>
    <FBTASSESSEETYPE>0</FBTASSESSEETYPE>
    <TARIFFCLASSIFICATION>0</TARIFFCLASSIFICATION>
    <EXCISEDUTYCLASSIFICATION>0</EXCISEDUTYCLASSIFICATION>
    <SERIALNUMBER>0</SERIALNUMBER>
    <ADJUSTMENTCLASSIFICATION>0</ADJUSTMENTCLASSIFICATION>
    <INCOMETAXSLAB>0</INCOMETAXSLAB>
    <INCOMETAXCLASSIFICATION>0</INCOMETAXCLASSIFICATION>
    <VOUCHER>0</VOUCHER>
   </CMPINFO>
  </DESC>
 </BODY>
</ENVELOPE>



06/01/2012  09:50:56 AM
Error-->>TallySynchronizer.TallyException: <ENVELOPE>
 <HEADER>
  <VERSION>1</VERSION>
  <STATUS>1</STATUS>
 </HEADER>
 <BODY>
  <DATA>
   <IMPORTRESULT>
    <CREATED>0</CREATED>
    <ALTERED>1</ALTERED>
    <LASTVCHID>0</LASTVCHID>
    <LASTMID>0</LASTMID>
    <COMBINED>0</COMBINED>
    <IGNORED>0</IGNORED>
    <ERRORS>0</ERRORS>
   </IMPORTRESULT>
  </DATA>
  <DESC>
   <CMPINFO>
    <COMPANY>0</COMPANY>
    <GROUP>0</GROUP>
    <LEDGER>23</LEDGER>
    <COSTCATEGORY>0</COSTCATEGORY>
    <COSTCENTRE>0</COSTCENTRE>
    <GODOWN>0</GODOWN>
    <STOCKGROUP>0</STOCKGROUP>
    <STOCKCATEGORY>0</STOCKCATEGORY>
    <STOCKITEM>0</STOCKITEM>
    <VOUCHERTYPE>0</VOUCHERTYPE>
    <CURRENCY>0</CURRENCY>
    <UNIT>0</UNIT>
    <BUDGET>0</BUDGET>
    <CLIENTRULE>0</CLIENTRULE>
    <SERVERRULE>0</SERVERRULE>
    <STATE>0</STATE>
    <TDSRATE>0</TDSRATE>
    <TAXCLASSIFICATION>0</TAXCLASSIFICATION>
    <STCATEGORY>0</STCATEGORY>
    <DEDUCTEETYPE>0</DEDUCTEETYPE>
    <ATTENDANCETYPE>0</ATTENDANCETYPE>
    <FBTCATEGORY>0</FBTCATEGORY>
    <FBTASSESSEETYPE>0</FBTASSESSEETYPE>
    <TARIFFCLASSIFICATION>0</TARIFFCLASSIFICATION>
    <EXCISEDUTYCLASSIFICATION>0</EXCISEDUTYCLASSIFICATION>
    <SERIALNUMBER>0</SERIALNUMBER>
    <ADJUSTMENTCLASSIFICATION>0</ADJUSTMENTCLASSIFICATION>
    <INCOMETAXSLAB>0</INCOMETAXSLAB>
    <INCOMETAXCLASSIFICATION>0</INCOMETAXCLASSIFICATION>
    <VOUCHER>0</VOUCHER>
   </CMPINFO>
  </DESC>
 </BODY>
</ENVELOPE>

Response
<ENVELOPE><HEADER><VERSION>1</VERSION><TALLYREQUEST>Import</TALLYREQUEST><TYPE>Data</TYPE><ID>All Masters</ID></HEADER><BODY><DESC><STATICVARIABLES><SVCURRENTCOMPANY>CMS</SVCURRENTCOMPANY><IMPORTDUPS>@@DupIgnoreCombine</IMPORTDUPS></STATICVARIABLES></DESC><DATA><TALLYMESSAGE><LEDGER NAME="Hon-Member charges"><PARENT>Direct Incomes</PARENT><LANGUAGENAME.LIST><NAME.LIST TYPE="String"><NAME>Hon-Member charges</NAME><NAME>CSH</NAME></NAME.LIST></LANGUAGENAME.LIST></LEDGER></TALLYMESSAGE></DATA></BODY></ENVELOPE>
		Ledger Name : Hon-Member charges
Alias Name : CSH

 Request XML 
<ENVELOPE><HEADER><VERSION>1</VERSION><TALLYREQUEST>Import</TALLYREQUEST><TYPE>Data</TYPE><ID>All Masters</ID></HEADER><BODY><DESC><STATICVARIABLES><SVCURRENTCOMPANY>CMS</SVCURRENTCOMPANY><IMPORTDUPS>@@DupIgnoreCombine</IMPORTDUPS></STATICVARIABLES></DESC><DATA><TALLYMESSAGE><LEDGER NAME="Hon-Member charges"><PARENT>Direct Incomes</PARENT><LANGUAGENAME.LIST><NAME.LIST TYPE="String"><NAME>Hon-Member charges</NAME><NAME>CSH</NAME></NAME.LIST></LANGUAGENAME.LIST></LEDGER></TALLYMESSAGE></DATA></BODY></ENVELOPE>

 Response XML 
<ENVELOPE>
 <HEADER>
  <VERSION>1</VERSION>
  <STATUS>1</STATUS>
 </HEADER>
 <BODY>
  <DATA>
   <IMPORTRESULT>
    <CREATED>0</CREATED>
    <ALTERED>1</ALTERED>
    <LASTVCHID>0</LASTVCHID>
    <LASTMID>0</LASTMID>
    <COMBINED>0</COMBINED>
    <IGNORED>0</IGNORED>
    <ERRORS>0</ERRORS>
   </IMPORTRESULT>
  </DATA>
  <DESC>
   <CMPINFO>
    <COMPANY>0</COMPANY>
    <GROUP>0</GROUP>
    <LEDGER>23</LEDGER>
    <COSTCATEGORY>0</COSTCATEGORY>
    <COSTCENTRE>0</COSTCENTRE>
    <GODOWN>0</GODOWN>
    <STOCKGROUP>0</STOCKGROUP>
    <STOCKCATEGORY>0</STOCKCATEGORY>
    <STOCKITEM>0</STOCKITEM>
    <VOUCHERTYPE>0</VOUCHERTYPE>
    <CURRENCY>0</CURRENCY>
    <UNIT>0</UNIT>
    <BUDGET>0</BUDGET>
    <CLIENTRULE>0</CLIENTRULE>
    <SERVERRULE>0</SERVERRULE>
    <STATE>0</STATE>
    <TDSRATE>0</TDSRATE>
    <TAXCLASSIFICATION>0</TAXCLASSIFICATION>
    <STCATEGORY>0</STCATEGORY>
    <DEDUCTEETYPE>0</DEDUCTEETYPE>
    <ATTENDANCETYPE>0</ATTENDANCETYPE>
    <FBTCATEGORY>0</FBTCATEGORY>
    <FBTASSESSEETYPE>0</FBTASSESSEETYPE>
    <TARIFFCLASSIFICATION>0</TARIFFCLASSIFICATION>
    <EXCISEDUTYCLASSIFICATION>0</EXCISEDUTYCLASSIFICATION>
    <SERIALNUMBER>0</SERIALNUMBER>
    <ADJUSTMENTCLASSIFICATION>0</ADJUSTMENTCLASSIFICATION>
    <INCOMETAXSLAB>0</INCOMETAXSLAB>
    <INCOMETAXCLASSIFICATION>0</INCOMETAXCLASSIFICATION>
    <VOUCHER>0</VOUCHER>
   </CMPINFO>
  </DESC>
 </BODY>
</ENVELOPE>





06/01/2012  09:50:56 AM
Error-->>TallySynchronizer.TallyException: <ENVELOPE>
 <HEADER>
  <VERSION>1</VERSION>
  <STATUS>1</STATUS>
 </HEADER>
 <BODY>
  <DATA>
   <IMPORTRESULT>
    <CREATED>0</CREATED>
    <ALTERED>1</ALTERED>
    <LASTVCHID>0</LASTVCHID>
    <LASTMID>0</LASTMID>
    <COMBINED>0</COMBINED>
    <IGNORED>0</IGNORED>
    <ERRORS>0</ERRORS>
   </IMPORTRESULT>
  </DATA>
  <DESC>
   <CMPINFO>
    <COMPANY>0</COMPANY>
    <GROUP>0</GROUP>
    <LEDGER>24</LEDGER>
    <COSTCATEGORY>0</COSTCATEGORY>
    <COSTCENTRE>0</COSTCENTRE>
    <GODOWN>0</GODOWN>
    <STOCKGROUP>0</STOCKGROUP>
    <STOCKCATEGORY>0</STOCKCATEGORY>
    <STOCKITEM>0</STOCKITEM>
    <VOUCHERTYPE>0</VOUCHERTYPE>
    <CURRENCY>0</CURRENCY>
    <UNIT>0</UNIT>
    <BUDGET>0</BUDGET>
    <CLIENTRULE>0</CLIENTRULE>
    <SERVERRULE>0</SERVERRULE>
    <STATE>0</STATE>
    <TDSRATE>0</TDSRATE>
    <TAXCLASSIFICATION>0</TAXCLASSIFICATION>
    <STCATEGORY>0</STCATEGORY>
    <DEDUCTEETYPE>0</DEDUCTEETYPE>
    <ATTENDANCETYPE>0</ATTENDANCETYPE>
    <FBTCATEGORY>0</FBTCATEGORY>
    <FBTASSESSEETYPE>0</FBTASSESSEETYPE>
    <TARIFFCLASSIFICATION>0</TARIFFCLASSIFICATION>
    <EXCISEDUTYCLASSIFICATION>0</EXCISEDUTYCLASSIFICATION>
    <SERIALNUMBER>0</SERIALNUMBER>
    <ADJUSTMENTCLASSIFICATION>0</ADJUSTMENTCLASSIFICATION>
    <INCOMETAXSLAB>0</INCOMETAXSLAB>
    <INCOMETAXCLASSIFICATION>0</INCOMETAXCLASSIFICATION>
    <VOUCHER>0</VOUCHER>
   </CMPINFO>
  </DESC>
 </BODY>
</ENVELOPE>

Response
<ENVELOPE><HEADER><VERSION>1</VERSION><TALLYREQUEST>Import</TALLYREQUEST><TYPE>Data</TYPE><ID>All Masters</ID></HEADER><BODY><DESC><STATICVARIABLES><SVCURRENTCOMPANY>CMS</SVCURRENTCOMPANY><IMPORTDUPS>@@DupIgnoreCombine</IMPORTDUPS></STATICVARIABLES></DESC><DATA><TALLYMESSAGE><LEDGER NAME="Service Tax@10%"><PARENT>Direct Incomes</PARENT><LANGUAGENAME.LIST><NAME.LIST TYPE="String"><NAME>Service Tax@10%</NAME><NAME>SRV</NAME></NAME.LIST></LANGUAGENAME.LIST></LEDGER></TALLYMESSAGE></DATA></BODY></ENVELOPE>
		Ledger Name : Service Tax@10%
Alias Name : SRV

 Request XML 
<ENVELOPE><HEADER><VERSION>1</VERSION><TALLYREQUEST>Import</TALLYREQUEST><TYPE>Data</TYPE><ID>All Masters</ID></HEADER><BODY><DESC><STATICVARIABLES><SVCURRENTCOMPANY>CMS</SVCURRENTCOMPANY><IMPORTDUPS>@@DupIgnoreCombine</IMPORTDUPS></STATICVARIABLES></DESC><DATA><TALLYMESSAGE><LEDGER NAME="Service Tax@10%"><PARENT>Direct Incomes</PARENT><LANGUAGENAME.LIST><NAME.LIST TYPE="String"><NAME>Service Tax@10%</NAME><NAME>SRV</NAME></NAME.LIST></LANGUAGENAME.LIST></LEDGER></TALLYMESSAGE></DATA></BODY></ENVELOPE>

 Response XML 
<ENVELOPE>
 <HEADER>
  <VERSION>1</VERSION>
  <STATUS>1</STATUS>
 </HEADER>
 <BODY>
  <DATA>
   <IMPORTRESULT>
    <CREATED>0</CREATED>
    <ALTERED>1</ALTERED>
    <LASTVCHID>0</LASTVCHID>
    <LASTMID>0</LASTMID>
    <COMBINED>0</COMBINED>
    <IGNORED>0</IGNORED>
    <ERRORS>0</ERRORS>
   </IMPORTRESULT>
  </DATA>
  <DESC>
   <CMPINFO>
    <COMPANY>0</COMPANY>
    <GROUP>0</GROUP>
    <LEDGER>24</LEDGER>
    <COSTCATEGORY>0</COSTCATEGORY>
    <COSTCENTRE>0</COSTCENTRE>
    <GODOWN>0</GODOWN>
    <STOCKGROUP>0</STOCKGROUP>
    <STOCKCATEGORY>0</STOCKCATEGORY>
    <STOCKITEM>0</STOCKITEM>
    <VOUCHERTYPE>0</VOUCHERTYPE>
    <CURRENCY>0</CURRENCY>
    <UNIT>0</UNIT>
    <BUDGET>0</BUDGET>
    <CLIENTRULE>0</CLIENTRULE>
    <SERVERRULE>0</SERVERRULE>
    <STATE>0</STATE>
    <TDSRATE>0</TDSRATE>
    <TAXCLASSIFICATION>0</TAXCLASSIFICATION>
    <STCATEGORY>0</STCATEGORY>
    <DEDUCTEETYPE>0</DEDUCTEETYPE>
    <ATTENDANCETYPE>0</ATTENDANCETYPE>
    <FBTCATEGORY>0</FBTCATEGORY>
    <FBTASSESSEETYPE>0</FBTASSESSEETYPE>
    <TARIFFCLASSIFICATION>0</TARIFFCLASSIFICATION>
    <EXCISEDUTYCLASSIFICATION>0</EXCISEDUTYCLASSIFICATION>
    <SERIALNUMBER>0</SERIALNUMBER>
    <ADJUSTMENTCLASSIFICATION>0</ADJUSTMENTCLASSIFICATION>
    <INCOMETAXSLAB>0</INCOMETAXSLAB>
    <INCOMETAXCLASSIFICATION>0</INCOMETAXCLASSIFICATION>
    <VOUCHER>0</VOUCHER>
   </CMPINFO>
  </DESC>
 </BODY>
</ENVELOPE>





06/01/2012  09:50:57 AM
Error-->>TallySynchronizer.TallyException: <ENVELOPE>
 <HEADER>
  <VERSION>1</VERSION>
  <STATUS>0</STATUS>
 </HEADER>
 <BODY>
  <DATA>
   <LINEERROR>Duplicate Entry!</LINEERROR>
   <CREATED>0</CREATED>
   <ALTERED>0</ALTERED>
   <LASTVCHID>0</LASTVCHID>
   <LASTMID>0</LASTMID>
   <COMBINED>0</COMBINED>
   <IGNORED>0</IGNORED>
   <ERRORS>1</ERRORS>
  </DATA>
  <DESC>
   <CMPINFO>
    <COMPANY>0</COMPANY>
    <GROUP>0</GROUP>
    <LEDGER>24</LEDGER>
    <COSTCATEGORY>0</COSTCATEGORY>
    <COSTCENTRE>0</COSTCENTRE>
    <GODOWN>0</GODOWN>
    <STOCKGROUP>0</STOCKGROUP>
    <STOCKCATEGORY>0</STOCKCATEGORY>
    <STOCKITEM>0</STOCKITEM>
    <VOUCHERTYPE>0</VOUCHERTYPE>
    <CURRENCY>0</CURRENCY>
    <UNIT>0</UNIT>
    <BUDGET>0</BUDGET>
    <CLIENTRULE>0</CLIENTRULE>
    <SERVERRULE>0</SERVERRULE>
    <STATE>0</STATE>
    <TDSRATE>0</TDSRATE>
    <TAXCLASSIFICATION>0</TAXCLASSIFICATION>
    <STCATEGORY>0</STCATEGORY>
    <DEDUCTEETYPE>0</DEDUCTEETYPE>
    <ATTENDANCETYPE>0</ATTENDANCETYPE>
    <FBTCATEGORY>0</FBTCATEGORY>
    <FBTASSESSEETYPE>0</FBTASSESSEETYPE>
    <TARIFFCLASSIFICATION>0</TARIFFCLASSIFICATION>
    <EXCISEDUTYCLASSIFICATION>0</EXCISEDUTYCLASSIFICATION>
    <SERIALNUMBER>0</SERIALNUMBER>
    <ADJUSTMENTCLASSIFICATION>0</ADJUSTMENTCLASSIFICATION>
    <INCOMETAXSLAB>0</INCOMETAXSLAB>
    <INCOMETAXCLASSIFICATION>0</INCOMETAXCLASSIFICATION>
    <VOUCHER>0</VOUCHER>
   </CMPINFO>
  </DESC>
 </BODY>
</ENVELOPE>

Response
<ENVELOPE><HEADER><VERSION>1</VERSION><TALLYREQUEST>Import</TALLYREQUEST><TYPE>Data</TYPE><ID>All Masters</ID></HEADER><BODY><DESC><STATICVARIABLES><SVCURRENTCOMPANY>CMS</SVCURRENTCOMPANY><IMPORTDUPS>@@DupIgnoreCombine</IMPORTDUPS></STATICVARIABLES></DESC><DATA><TALLYMESSAGE><LEDGER NAME="Green Fees"><PARENT>Direct Incomes</PARENT><LANGUAGENAME.LIST><NAME.LIST TYPE="String"><NAME>Green Fees</NAME><NAME>Green Fees</NAME></NAME.LIST></LANGUAGENAME.LIST></LEDGER></TALLYMESSAGE></DATA></BODY></ENVELOPE>
		Ledger Name : Green Fees
Alias Name : Green Fees

 Request XML 
<ENVELOPE><HEADER><VERSION>1</VERSION><TALLYREQUEST>Import</TALLYREQUEST><TYPE>Data</TYPE><ID>All Masters</ID></HEADER><BODY><DESC><STATICVARIABLES><SVCURRENTCOMPANY>CMS</SVCURRENTCOMPANY><IMPORTDUPS>@@DupIgnoreCombine</IMPORTDUPS></STATICVARIABLES></DESC><DATA><TALLYMESSAGE><LEDGER NAME="Green Fees"><PARENT>Direct Incomes</PARENT><LANGUAGENAME.LIST><NAME.LIST TYPE="String"><NAME>Green Fees</NAME><NAME>Green Fees</NAME></NAME.LIST></LANGUAGENAME.LIST></LEDGER></TALLYMESSAGE></DATA></BODY></ENVELOPE>

 Response XML 
<ENVELOPE>
 <HEADER>
  <VERSION>1</VERSION>
  <STATUS>0</STATUS>
 </HEADER>
 <BODY>
  <DATA>
   <LINEERROR>Duplicate Entry!</LINEERROR>
   <CREATED>0</CREATED>
   <ALTERED>0</ALTERED>
   <LASTVCHID>0</LASTVCHID>
   <LASTMID>0</LASTMID>
   <COMBINED>0</COMBINED>
   <IGNORED>0</IGNORED>
   <ERRORS>1</ERRORS>
  </DATA>
  <DESC>
   <CMPINFO>
    <COMPANY>0</COMPANY>
    <GROUP>0</GROUP>
    <LEDGER>24</LEDGER>
    <COSTCATEGORY>0</COSTCATEGORY>
    <COSTCENTRE>0</COSTCENTRE>
    <GODOWN>0</GODOWN>
    <STOCKGROUP>0</STOCKGROUP>
    <STOCKCATEGORY>0</STOCKCATEGORY>
    <STOCKITEM>0</STOCKITEM>
    <VOUCHERTYPE>0</VOUCHERTYPE>
    <CURRENCY>0</CURRENCY>
    <UNIT>0</UNIT>
    <BUDGET>0</BUDGET>
    <CLIENTRULE>0</CLIENTRULE>
    <SERVERRULE>0</SERVERRULE>
    <STATE>0</STATE>
    <TDSRATE>0</TDSRATE>
    <TAXCLASSIFICATION>0</TAXCLASSIFICATION>
    <STCATEGORY>0</STCATEGORY>
    <DEDUCTEETYPE>0</DEDUCTEETYPE>
    <ATTENDANCETYPE>0</ATTENDANCETYPE>
    <FBTCATEGORY>0</FBTCATEGORY>
    <FBTASSESSEETYPE>0</FBTASSESSEETYPE>
    <TARIFFCLASSIFICATION>0</TARIFFCLASSIFICATION>
    <EXCISEDUTYCLASSIFICATION>0</EXCISEDUTYCLASSIFICATION>
    <SERIALNUMBER>0</SERIALNUMBER>
    <ADJUSTMENTCLASSIFICATION>0</ADJUSTMENTCLASSIFICATION>
    <INCOMETAXSLAB>0</INCOMETAXSLAB>
    <INCOMETAXCLASSIFICATION>0</INCOMETAXCLASSIFICATION>
    <VOUCHER>0</VOUCHER>
   </CMPINFO>
  </DESC>
 </BODY>
</ENVELOPE>





06/01/2012  09:50:57 AM
Error-->>TallySynchronizer.TallyException: Ledger Mapping Not found for Entry Detail:1816
		EntryID = 798Ledger ID 241


06/01/2012  09:50:58 AM
Error-->>TallySynchronizer.TallyException: System.Exception: Voucher Original Entry Date Needed for modification not provided
   at TallySynchronizer.TallyVoucher.GetVoucherXML(String TallyCompanyName) in D:\TEST\TallySynchronizer\TallyVoucher.cs:line 258
   at TallySynchronizer.TallyConnection.AlterVoucherEntry(TallyVoucher VoucherEntry) in D:\TEST\TallySynchronizer\TallyConnection.cs:line 136
   at TallySynchronizer.Tally.UpdateTally(Tally_Entry TallyEntry, Tally_EntryDetails[] TallyEntryDetails, SyncType Type, Int16 RetryCount) in D:\TEST\TallySynchronizer\TallyManager.cs:line 426
   at TallySynchronizer.Tally.UpdateTally(Tally_Entry TallyEntry, Tally_EntryDetails[] TallyEntryDetails, SyncType Type, Int16 RetryCount) in D:\TEST\TallySynchronizer\TallyManager.cs:line 557
   at TallySynchronizer.Tally.UpdateTally(Tally_Entry TallyEntry, Tally_EntryDetails[] TallyEntryDetails, SyncType Type) in D:\TEST\TallySynchronizer\TallyManager.cs:line 305
   at TallySynchronizer.Tally.ExportOffLineTransactions() in D:\TEST\TallySynchronizer\TallyManager.cs:line 188
		


06/01/2012  09:51:38 AM
Error-->>TallySynchronizer.TallyException: Ledger Not Found
		

Request 
<ENVELOPE>
<HEADER>
<VERSION>1</VERSION>
<TALLYREQUEST>Import</TALLYREQUEST>
<TYPE>Data</TYPE>
<ID>All Masters</ID>
</HEADER>
<BODY>
<DESC>
<STATICVARIABLES>
<SVCURRENTCOMPANY>CMS</SVCURRENTCOMPANY>
<IMPORTDUPS>@@DupIgnoreCombine</IMPORTDUPS>
</STATICVARIABLES>
</DESC>
<DATA>
<TALLYMESSAGE>
<VOUCHER DATE="20120105" TAGNAME = "Reference" TAGVALUE="149PAY" Action="Alter">
<DATE>20120105</DATE>
<NARRATION>[149PAY][172] ToWards : ledger cheq Cheque : [State Bank of India/BTM layout/55555]</NARRATION>
<VOUCHERTYPENAME>Receipt</VOUCHERTYPENAME>
<VOUCHERNUMBER>149PAY</VOUCHERNUMBER>
<REFERENCE>149PAY</REFERENCE>
<ALLLEDGERENTRIES.LIST>
<LEDGERNAME>CSH</LEDGERNAME>
<ISDEEMEDPOSITIVE>No</ISDEEMEDPOSITIVE>
<AMOUNT>1200</AMOUNT>
</ALLLEDGERENTRIES.LIST>
<ALLLEDGERENTRIES.LIST>
<LEDGERNAME>SRV</LEDGERNAME>
<ISDEEMEDPOSITIVE>Yes</ISDEEMEDPOSITIVE>
<AMOUNT>-600</AMOUNT>
</ALLLEDGERENTRIES.LIST>
<ALLLEDGERENTRIES.LIST>
<LEDGERNAME>Green Fees</LEDGERNAME>
<ISDEEMEDPOSITIVE>Yes</ISDEEMEDPOSITIVE>
<AMOUNT>-600</AMOUNT>
</ALLLEDGERENTRIES.LIST>

</VOUCHER>
</TALLYMESSAGE>
</DATA>
</BODY>
</ENVELOPE>

Response 
<ENVELOPE>
 <HEADER>
  <VERSION>1</VERSION>
  <STATUS>0</STATUS>
 </HEADER>
 <BODY>
  <DATA>
   <LINEERROR>Ledger &apos;Green Fees&apos; does not exist!</LINEERROR>
   <CREATED>0</CREATED>
   <ALTERED>0</ALTERED>
   <LASTVCHID>0</LASTVCHID>
   <LASTMID>0</LASTMID>
   <COMBINED>0</COMBINED>
   <IGNORED>0</IGNORED>
   <ERRORS>1</ERRORS>
  </DATA>
  <DESC>
   <CMPINFO>
    <COMPANY>0</COMPANY>
    <GROUP>0</GROUP>
    <LEDGER>24</LEDGER>
    <COSTCATEGORY>0</COSTCATEGORY>
    <COSTCENTRE>0</COSTCENTRE>
    <GODOWN>0</GODOWN>
    <STOCKGROUP>0</STOCKGROUP>
    <STOCKCATEGORY>0</STOCKCATEGORY>
    <STOCKITEM>0</STOCKITEM>
    <VOUCHERTYPE>0</VOUCHERTYPE>
    <CURRENCY>0</CURRENCY>
    <UNIT>0</UNIT>
    <BUDGET>0</BUDGET>
    <CLIENTRULE>0</CLIENTRULE>
    <SERVERRULE>0</SERVERRULE>
    <STATE>0</STATE>
    <TDSRATE>0</TDSRATE>
    <TAXCLASSIFICATION>0</TAXCLASSIFICATION>
    <STCATEGORY>0</STCATEGORY>
    <DEDUCTEETYPE>0</DEDUCTEETYPE>
    <ATTENDANCETYPE>0</ATTENDANCETYPE>
    <FBTCATEGORY>0</FBTCATEGORY>
    <FBTASSESSEETYPE>0</FBTASSESSEETYPE>
    <TARIFFCLASSIFICATION>0</TARIFFCLASSIFICATION>
    <EXCISEDUTYCLASSIFICATION>0</EXCISEDUTYCLASSIFICATION>
    <SERIALNUMBER>0</SERIALNUMBER>
    <ADJUSTMENTCLASSIFICATION>0</ADJUSTMENTCLASSIFICATION>
    <INCOMETAXSLAB>0</INCOMETAXSLAB>
    <INCOMETAXCLASSIFICATION>0</INCOMETAXCLASSIFICATION>
    <VOUCHER>0</VOUCHER>
   </CMPINFO>
  </DESC>
 </BODY>
</ENVELOPE>



06/01/2012  09:51:40 AM
Error-->>TallySynchronizer.TallyException: <ENVELOPE>
 <HEADER>
  <VERSION>1</VERSION>
  <STATUS>1</STATUS>
 </HEADER>
 <BODY>
  <DATA>
   <IMPORTRESULT>
    <CREATED>0</CREATED>
    <ALTERED>1</ALTERED>
    <LASTVCHID>0</LASTVCHID>
    <LASTMID>0</LASTMID>
    <COMBINED>0</COMBINED>
    <IGNORED>0</IGNORED>
    <ERRORS>0</ERRORS>
   </IMPORTRESULT>
  </DATA>
  <DESC>
   <CMPINFO>
    <COMPANY>0</COMPANY>
    <GROUP>0</GROUP>
    <LEDGER>25</LEDGER>
    <COSTCATEGORY>0</COSTCATEGORY>
    <COSTCENTRE>0</COSTCENTRE>
    <GODOWN>0</GODOWN>
    <STOCKGROUP>0</STOCKGROUP>
    <STOCKCATEGORY>0</STOCKCATEGORY>
    <STOCKITEM>0</STOCKITEM>
    <VOUCHERTYPE>0</VOUCHERTYPE>
    <CURRENCY>0</CURRENCY>
    <UNIT>0</UNIT>
    <BUDGET>0</BUDGET>
    <CLIENTRULE>0</CLIENTRULE>
    <SERVERRULE>0</SERVERRULE>
    <STATE>0</STATE>
    <TDSRATE>0</TDSRATE>
    <TAXCLASSIFICATION>0</TAXCLASSIFICATION>
    <STCATEGORY>0</STCATEGORY>
    <DEDUCTEETYPE>0</DEDUCTEETYPE>
    <ATTENDANCETYPE>0</ATTENDANCETYPE>
    <FBTCATEGORY>0</FBTCATEGORY>
    <FBTASSESSEETYPE>0</FBTASSESSEETYPE>
    <TARIFFCLASSIFICATION>0</TARIFFCLASSIFICATION>
    <EXCISEDUTYCLASSIFICATION>0</EXCISEDUTYCLASSIFICATION>
    <SERIALNUMBER>0</SERIALNUMBER>
    <ADJUSTMENTCLASSIFICATION>0</ADJUSTMENTCLASSIFICATION>
    <INCOMETAXSLAB>0</INCOMETAXSLAB>
    <INCOMETAXCLASSIFICATION>0</INCOMETAXCLASSIFICATION>
    <VOUCHER>0</VOUCHER>
   </CMPINFO>
  </DESC>
 </BODY>
</ENVELOPE>

Response
<ENVELOPE><HEADER><VERSION>1</VERSION><TALLYREQUEST>Import</TALLYREQUEST><TYPE>Data</TYPE><ID>All Masters</ID></HEADER><BODY><DESC><STATICVARIABLES><SVCURRENTCOMPANY>CMS</SVCURRENTCOMPANY><IMPORTDUPS>@@DupIgnoreCombine</IMPORTDUPS></STATICVARIABLES></DESC><DATA><TALLYMESSAGE><LEDGER NAME="Hon-Member charges"><PARENT>Direct Incomes</PARENT><LANGUAGENAME.LIST><NAME.LIST TYPE="String"><NAME>Hon-Member charges</NAME><NAME>CSH</NAME></NAME.LIST></LANGUAGENAME.LIST></LEDGER></TALLYMESSAGE></DATA></BODY></ENVELOPE>
		Ledger Name : Hon-Member charges
Alias Name : CSH

 Request XML 
<ENVELOPE><HEADER><VERSION>1</VERSION><TALLYREQUEST>Import</TALLYREQUEST><TYPE>Data</TYPE><ID>All Masters</ID></HEADER><BODY><DESC><STATICVARIABLES><SVCURRENTCOMPANY>CMS</SVCURRENTCOMPANY><IMPORTDUPS>@@DupIgnoreCombine</IMPORTDUPS></STATICVARIABLES></DESC><DATA><TALLYMESSAGE><LEDGER NAME="Hon-Member charges"><PARENT>Direct Incomes</PARENT><LANGUAGENAME.LIST><NAME.LIST TYPE="String"><NAME>Hon-Member charges</NAME><NAME>CSH</NAME></NAME.LIST></LANGUAGENAME.LIST></LEDGER></TALLYMESSAGE></DATA></BODY></ENVELOPE>

 Response XML 
<ENVELOPE>
 <HEADER>
  <VERSION>1</VERSION>
  <STATUS>1</STATUS>
 </HEADER>
 <BODY>
  <DATA>
   <IMPORTRESULT>
    <CREATED>0</CREATED>
    <ALTERED>1</ALTERED>
    <LASTVCHID>0</LASTVCHID>
    <LASTMID>0</LASTMID>
    <COMBINED>0</COMBINED>
    <IGNORED>0</IGNORED>
    <ERRORS>0</ERRORS>
   </IMPORTRESULT>
  </DATA>
  <DESC>
   <CMPINFO>
    <COMPANY>0</COMPANY>
    <GROUP>0</GROUP>
    <LEDGER>25</LEDGER>
    <COSTCATEGORY>0</COSTCATEGORY>
    <COSTCENTRE>0</COSTCENTRE>
    <GODOWN>0</GODOWN>
    <STOCKGROUP>0</STOCKGROUP>
    <STOCKCATEGORY>0</STOCKCATEGORY>
    <STOCKITEM>0</STOCKITEM>
    <VOUCHERTYPE>0</VOUCHERTYPE>
    <CURRENCY>0</CURRENCY>
    <UNIT>0</UNIT>
    <BUDGET>0</BUDGET>
    <CLIENTRULE>0</CLIENTRULE>
    <SERVERRULE>0</SERVERRULE>
    <STATE>0</STATE>
    <TDSRATE>0</TDSRATE>
    <TAXCLASSIFICATION>0</TAXCLASSIFICATION>
    <STCATEGORY>0</STCATEGORY>
    <DEDUCTEETYPE>0</DEDUCTEETYPE>
    <ATTENDANCETYPE>0</ATTENDANCETYPE>
    <FBTCATEGORY>0</FBTCATEGORY>
    <FBTASSESSEETYPE>0</FBTASSESSEETYPE>
    <TARIFFCLASSIFICATION>0</TARIFFCLASSIFICATION>
    <EXCISEDUTYCLASSIFICATION>0</EXCISEDUTYCLASSIFICATION>
    <SERIALNUMBER>0</SERIALNUMBER>
    <ADJUSTMENTCLASSIFICATION>0</ADJUSTMENTCLASSIFICATION>
    <INCOMETAXSLAB>0</INCOMETAXSLAB>
    <INCOMETAXCLASSIFICATION>0</INCOMETAXCLASSIFICATION>
    <VOUCHER>0</VOUCHER>
   </CMPINFO>
  </DESC>
 </BODY>
</ENVELOPE>





06/01/2012  09:51:40 AM
Error-->>TallySynchronizer.TallyException: <ENVELOPE>
 <HEADER>
  <VERSION>1</VERSION>
  <STATUS>1</STATUS>
 </HEADER>
 <BODY>
  <DATA>
   <IMPORTRESULT>
    <CREATED>0</CREATED>
    <ALTERED>1</ALTERED>
    <LASTVCHID>0</LASTVCHID>
    <LASTMID>0</LASTMID>
    <COMBINED>0</COMBINED>
    <IGNORED>0</IGNORED>
    <ERRORS>0</ERRORS>
   </IMPORTRESULT>
  </DATA>
  <DESC>
   <CMPINFO>
    <COMPANY>0</COMPANY>
    <GROUP>0</GROUP>
    <LEDGER>26</LEDGER>
    <COSTCATEGORY>0</COSTCATEGORY>
    <COSTCENTRE>0</COSTCENTRE>
    <GODOWN>0</GODOWN>
    <STOCKGROUP>0</STOCKGROUP>
    <STOCKCATEGORY>0</STOCKCATEGORY>
    <STOCKITEM>0</STOCKITEM>
    <VOUCHERTYPE>0</VOUCHERTYPE>
    <CURRENCY>0</CURRENCY>
    <UNIT>0</UNIT>
    <BUDGET>0</BUDGET>
    <CLIENTRULE>0</CLIENTRULE>
    <SERVERRULE>0</SERVERRULE>
    <STATE>0</STATE>
    <TDSRATE>0</TDSRATE>
    <TAXCLASSIFICATION>0</TAXCLASSIFICATION>
    <STCATEGORY>0</STCATEGORY>
    <DEDUCTEETYPE>0</DEDUCTEETYPE>
    <ATTENDANCETYPE>0</ATTENDANCETYPE>
    <FBTCATEGORY>0</FBTCATEGORY>
    <FBTASSESSEETYPE>0</FBTASSESSEETYPE>
    <TARIFFCLASSIFICATION>0</TARIFFCLASSIFICATION>
    <EXCISEDUTYCLASSIFICATION>0</EXCISEDUTYCLASSIFICATION>
    <SERIALNUMBER>0</SERIALNUMBER>
    <ADJUSTMENTCLASSIFICATION>0</ADJUSTMENTCLASSIFICATION>
    <INCOMETAXSLAB>0</INCOMETAXSLAB>
    <INCOMETAXCLASSIFICATION>0</INCOMETAXCLASSIFICATION>
    <VOUCHER>0</VOUCHER>
   </CMPINFO>
  </DESC>
 </BODY>
</ENVELOPE>

Response
<ENVELOPE><HEADER><VERSION>1</VERSION><TALLYREQUEST>Import</TALLYREQUEST><TYPE>Data</TYPE><ID>All Masters</ID></HEADER><BODY><DESC><STATICVARIABLES><SVCURRENTCOMPANY>CMS</SVCURRENTCOMPANY><IMPORTDUPS>@@DupIgnoreCombine</IMPORTDUPS></STATICVARIABLES></DESC><DATA><TALLYMESSAGE><LEDGER NAME="Service Tax@10%"><PARENT>Direct Incomes</PARENT><LANGUAGENAME.LIST><NAME.LIST TYPE="String"><NAME>Service Tax@10%</NAME><NAME>SRV</NAME></NAME.LIST></LANGUAGENAME.LIST></LEDGER></TALLYMESSAGE></DATA></BODY></ENVELOPE>
		Ledger Name : Service Tax@10%
Alias Name : SRV

 Request XML 
<ENVELOPE><HEADER><VERSION>1</VERSION><TALLYREQUEST>Import</TALLYREQUEST><TYPE>Data</TYPE><ID>All Masters</ID></HEADER><BODY><DESC><STATICVARIABLES><SVCURRENTCOMPANY>CMS</SVCURRENTCOMPANY><IMPORTDUPS>@@DupIgnoreCombine</IMPORTDUPS></STATICVARIABLES></DESC><DATA><TALLYMESSAGE><LEDGER NAME="Service Tax@10%"><PARENT>Direct Incomes</PARENT><LANGUAGENAME.LIST><NAME.LIST TYPE="String"><NAME>Service Tax@10%</NAME><NAME>SRV</NAME></NAME.LIST></LANGUAGENAME.LIST></LEDGER></TALLYMESSAGE></DATA></BODY></ENVELOPE>

 Response XML 
<ENVELOPE>
 <HEADER>
  <VERSION>1</VERSION>
  <STATUS>1</STATUS>
 </HEADER>
 <BODY>
  <DATA>
   <IMPORTRESULT>
    <CREATED>0</CREATED>
    <ALTERED>1</ALTERED>
    <LASTVCHID>0</LASTVCHID>
    <LASTMID>0</LASTMID>
    <COMBINED>0</COMBINED>
    <IGNORED>0</IGNORED>
    <ERRORS>0</ERRORS>
   </IMPORTRESULT>
  </DATA>
  <DESC>
   <CMPINFO>
    <COMPANY>0</COMPANY>
    <GROUP>0</GROUP>
    <LEDGER>26</LEDGER>
    <COSTCATEGORY>0</COSTCATEGORY>
    <COSTCENTRE>0</COSTCENTRE>
    <GODOWN>0</GODOWN>
    <STOCKGROUP>0</STOCKGROUP>
    <STOCKCATEGORY>0</STOCKCATEGORY>
    <STOCKITEM>0</STOCKITEM>
    <VOUCHERTYPE>0</VOUCHERTYPE>
    <CURRENCY>0</CURRENCY>
    <UNIT>0</UNIT>
    <BUDGET>0</BUDGET>
    <CLIENTRULE>0</CLIENTRULE>
    <SERVERRULE>0</SERVERRULE>
    <STATE>0</STATE>
    <TDSRATE>0</TDSRATE>
    <TAXCLASSIFICATION>0</TAXCLASSIFICATION>
    <STCATEGORY>0</STCATEGORY>
    <DEDUCTEETYPE>0</DEDUCTEETYPE>
    <ATTENDANCETYPE>0</ATTENDANCETYPE>
    <FBTCATEGORY>0</FBTCATEGORY>
    <FBTASSESSEETYPE>0</FBTASSESSEETYPE>
    <TARIFFCLASSIFICATION>0</TARIFFCLASSIFICATION>
    <EXCISEDUTYCLASSIFICATION>0</EXCISEDUTYCLASSIFICATION>
    <SERIALNUMBER>0</SERIALNUMBER>
    <ADJUSTMENTCLASSIFICATION>0</ADJUSTMENTCLASSIFICATION>
    <INCOMETAXSLAB>0</INCOMETAXSLAB>
    <INCOMETAXCLASSIFICATION>0</INCOMETAXCLASSIFICATION>
    <VOUCHER>0</VOUCHER>
   </CMPINFO>
  </DESC>
 </BODY>
</ENVELOPE>





06/01/2012  09:51:41 AM
Error-->>TallySynchronizer.TallyException: <ENVELOPE>
 <HEADER>
  <VERSION>1</VERSION>
  <STATUS>0</STATUS>
 </HEADER>
 <BODY>
  <DATA>
   <LINEERROR>Duplicate Entry!</LINEERROR>
   <CREATED>0</CREATED>
   <ALTERED>0</ALTERED>
   <LASTVCHID>0</LASTVCHID>
   <LASTMID>0</LASTMID>
   <COMBINED>0</COMBINED>
   <IGNORED>0</IGNORED>
   <ERRORS>1</ERRORS>
  </DATA>
  <DESC>
   <CMPINFO>
    <COMPANY>0</COMPANY>
    <GROUP>0</GROUP>
    <LEDGER>26</LEDGER>
    <COSTCATEGORY>0</COSTCATEGORY>
    <COSTCENTRE>0</COSTCENTRE>
    <GODOWN>0</GODOWN>
    <STOCKGROUP>0</STOCKGROUP>
    <STOCKCATEGORY>0</STOCKCATEGORY>
    <STOCKITEM>0</STOCKITEM>
    <VOUCHERTYPE>0</VOUCHERTYPE>
    <CURRENCY>0</CURRENCY>
    <UNIT>0</UNIT>
    <BUDGET>0</BUDGET>
    <CLIENTRULE>0</CLIENTRULE>
    <SERVERRULE>0</SERVERRULE>
    <STATE>0</STATE>
    <TDSRATE>0</TDSRATE>
    <TAXCLASSIFICATION>0</TAXCLASSIFICATION>
    <STCATEGORY>0</STCATEGORY>
    <DEDUCTEETYPE>0</DEDUCTEETYPE>
    <ATTENDANCETYPE>0</ATTENDANCETYPE>
    <FBTCATEGORY>0</FBTCATEGORY>
    <FBTASSESSEETYPE>0</FBTASSESSEETYPE>
    <TARIFFCLASSIFICATION>0</TARIFFCLASSIFICATION>
    <EXCISEDUTYCLASSIFICATION>0</EXCISEDUTYCLASSIFICATION>
    <SERIALNUMBER>0</SERIALNUMBER>
    <ADJUSTMENTCLASSIFICATION>0</ADJUSTMENTCLASSIFICATION>
    <INCOMETAXSLAB>0</INCOMETAXSLAB>
    <INCOMETAXCLASSIFICATION>0</INCOMETAXCLASSIFICATION>
    <VOUCHER>0</VOUCHER>
   </CMPINFO>
  </DESC>
 </BODY>
</ENVELOPE>

Response
<ENVELOPE><HEADER><VERSION>1</VERSION><TALLYREQUEST>Import</TALLYREQUEST><TYPE>Data</TYPE><ID>All Masters</ID></HEADER><BODY><DESC><STATICVARIABLES><SVCURRENTCOMPANY>CMS</SVCURRENTCOMPANY><IMPORTDUPS>@@DupIgnoreCombine</IMPORTDUPS></STATICVARIABLES></DESC><DATA><TALLYMESSAGE><LEDGER NAME="Green Fees"><PARENT>Direct Incomes</PARENT><LANGUAGENAME.LIST><NAME.LIST TYPE="String"><NAME>Green Fees</NAME><NAME>Green Fees</NAME></NAME.LIST></LANGUAGENAME.LIST></LEDGER></TALLYMESSAGE></DATA></BODY></ENVELOPE>
		Ledger Name : Green Fees
Alias Name : Green Fees

 Request XML 
<ENVELOPE><HEADER><VERSION>1</VERSION><TALLYREQUEST>Import</TALLYREQUEST><TYPE>Data</TYPE><ID>All Masters</ID></HEADER><BODY><DESC><STATICVARIABLES><SVCURRENTCOMPANY>CMS</SVCURRENTCOMPANY><IMPORTDUPS>@@DupIgnoreCombine</IMPORTDUPS></STATICVARIABLES></DESC><DATA><TALLYMESSAGE><LEDGER NAME="Green Fees"><PARENT>Direct Incomes</PARENT><LANGUAGENAME.LIST><NAME.LIST TYPE="String"><NAME>Green Fees</NAME><NAME>Green Fees</NAME></NAME.LIST></LANGUAGENAME.LIST></LEDGER></TALLYMESSAGE></DATA></BODY></ENVELOPE>

 Response XML 
<ENVELOPE>
 <HEADER>
  <VERSION>1</VERSION>
  <STATUS>0</STATUS>
 </HEADER>
 <BODY>
  <DATA>
   <LINEERROR>Duplicate Entry!</LINEERROR>
   <CREATED>0</CREATED>
   <ALTERED>0</ALTERED>
   <LASTVCHID>0</LASTVCHID>
   <LASTMID>0</LASTMID>
   <COMBINED>0</COMBINED>
   <IGNORED>0</IGNORED>
   <ERRORS>1</ERRORS>
  </DATA>
  <DESC>
   <CMPINFO>
    <COMPANY>0</COMPANY>
    <GROUP>0</GROUP>
    <LEDGER>26</LEDGER>
    <COSTCATEGORY>0</COSTCATEGORY>
    <COSTCENTRE>0</COSTCENTRE>
    <GODOWN>0</GODOWN>
    <STOCKGROUP>0</STOCKGROUP>
    <STOCKCATEGORY>0</STOCKCATEGORY>
    <STOCKITEM>0</STOCKITEM>
    <VOUCHERTYPE>0</VOUCHERTYPE>
    <CURRENCY>0</CURRENCY>
    <UNIT>0</UNIT>
    <BUDGET>0</BUDGET>
    <CLIENTRULE>0</CLIENTRULE>
    <SERVERRULE>0</SERVERRULE>
    <STATE>0</STATE>
    <TDSRATE>0</TDSRATE>
    <TAXCLASSIFICATION>0</TAXCLASSIFICATION>
    <STCATEGORY>0</STCATEGORY>
    <DEDUCTEETYPE>0</DEDUCTEETYPE>
    <ATTENDANCETYPE>0</ATTENDANCETYPE>
    <FBTCATEGORY>0</FBTCATEGORY>
    <FBTASSESSEETYPE>0</FBTASSESSEETYPE>
    <TARIFFCLASSIFICATION>0</TARIFFCLASSIFICATION>
    <EXCISEDUTYCLASSIFICATION>0</EXCISEDUTYCLASSIFICATION>
    <SERIALNUMBER>0</SERIALNUMBER>
    <ADJUSTMENTCLASSIFICATION>0</ADJUSTMENTCLASSIFICATION>
    <INCOMETAXSLAB>0</INCOMETAXSLAB>
    <INCOMETAXCLASSIFICATION>0</INCOMETAXCLASSIFICATION>
    <VOUCHER>0</VOUCHER>
   </CMPINFO>
  </DESC>
 </BODY>
</ENVELOPE>





06/01/2012  09:51:42 AM
Error-->>TallySynchronizer.TallyException: Ledger Not Found
		

Request 
<ENVELOPE>
<HEADER>
<VERSION>1</VERSION>
<TALLYREQUEST>Import</TALLYREQUEST>
<TYPE>Data</TYPE>
<ID>All Masters</ID>
</HEADER>
<BODY>
<DESC>
<STATICVARIABLES>
<SVCURRENTCOMPANY>CMS</SVCURRENTCOMPANY>
<IMPORTDUPS>@@DupIgnoreCombine</IMPORTDUPS>
</STATICVARIABLES>
</DESC>
<DATA>
<TALLYMESSAGE>
<VOUCHER DATE="20120105" TAGNAME = "Reference" TAGVALUE="149PAY" Action="Alter">
<DATE>20120105</DATE>
<NARRATION>[149PAY][172] ToWards : ledger cheq Cheque : [State Bank of India/BTM layout/55555]</NARRATION>
<VOUCHERTYPENAME>Receipt</VOUCHERTYPENAME>
<VOUCHERNUMBER>149PAY</VOUCHERNUMBER>
<REFERENCE>149PAY</REFERENCE>
<ALLLEDGERENTRIES.LIST>
<LEDGERNAME>CSH</LEDGERNAME>
<ISDEEMEDPOSITIVE>No</ISDEEMEDPOSITIVE>
<AMOUNT>1200</AMOUNT>
</ALLLEDGERENTRIES.LIST>
<ALLLEDGERENTRIES.LIST>
<LEDGERNAME>SRV</LEDGERNAME>
<ISDEEMEDPOSITIVE>Yes</ISDEEMEDPOSITIVE>
<AMOUNT>-600</AMOUNT>
</ALLLEDGERENTRIES.LIST>
<ALLLEDGERENTRIES.LIST>
<LEDGERNAME>Green Fees</LEDGERNAME>
<ISDEEMEDPOSITIVE>Yes</ISDEEMEDPOSITIVE>
<AMOUNT>-600</AMOUNT>
</ALLLEDGERENTRIES.LIST>

</VOUCHER>
</TALLYMESSAGE>
</DATA>
</BODY>
</ENVELOPE>

Response 
<ENVELOPE>
 <HEADER>
  <VERSION>1</VERSION>
  <STATUS>0</STATUS>
 </HEADER>
 <BODY>
  <DATA>
   <LINEERROR>Ledger &apos;Green Fees&apos; does not exist!</LINEERROR>
   <CREATED>0</CREATED>
   <ALTERED>0</ALTERED>
   <LASTVCHID>0</LASTVCHID>
   <LASTMID>0</LASTMID>
   <COMBINED>0</COMBINED>
   <IGNORED>0</IGNORED>
   <ERRORS>1</ERRORS>
  </DATA>
  <DESC>
   <CMPINFO>
    <COMPANY>0</COMPANY>
    <GROUP>0</GROUP>
    <LEDGER>26</LEDGER>
    <COSTCATEGORY>0</COSTCATEGORY>
    <COSTCENTRE>0</COSTCENTRE>
    <GODOWN>0</GODOWN>
    <STOCKGROUP>0</STOCKGROUP>
    <STOCKCATEGORY>0</STOCKCATEGORY>
    <STOCKITEM>0</STOCKITEM>
    <VOUCHERTYPE>0</VOUCHERTYPE>
    <CURRENCY>0</CURRENCY>
    <UNIT>0</UNIT>
    <BUDGET>0</BUDGET>
    <CLIENTRULE>0</CLIENTRULE>
    <SERVERRULE>0</SERVERRULE>
    <STATE>0</STATE>
    <TDSRATE>0</TDSRATE>
    <TAXCLASSIFICATION>0</TAXCLASSIFICATION>
    <STCATEGORY>0</STCATEGORY>
    <DEDUCTEETYPE>0</DEDUCTEETYPE>
    <ATTENDANCETYPE>0</ATTENDANCETYPE>
    <FBTCATEGORY>0</FBTCATEGORY>
    <FBTASSESSEETYPE>0</FBTASSESSEETYPE>
    <TARIFFCLASSIFICATION>0</TARIFFCLASSIFICATION>
    <EXCISEDUTYCLASSIFICATION>0</EXCISEDUTYCLASSIFICATION>
    <SERIALNUMBER>0</SERIALNUMBER>
    <ADJUSTMENTCLASSIFICATION>0</ADJUSTMENTCLASSIFICATION>
    <INCOMETAXSLAB>0</INCOMETAXSLAB>
    <INCOMETAXCLASSIFICATION>0</INCOMETAXCLASSIFICATION>
    <VOUCHER>0</VOUCHER>
   </CMPINFO>
  </DESC>
 </BODY>
</ENVELOPE>



06/01/2012  09:51:43 AM
Error-->>TallySynchronizer.TallyException: <ENVELOPE>
 <HEADER>
  <VERSION>1</VERSION>
  <STATUS>1</STATUS>
 </HEADER>
 <BODY>
  <DATA>
   <IMPORTRESULT>
    <CREATED>0</CREATED>
    <ALTERED>1</ALTERED>
    <LASTVCHID>0</LASTVCHID>
    <LASTMID>0</LASTMID>
    <COMBINED>0</COMBINED>
    <IGNORED>0</IGNORED>
    <ERRORS>0</ERRORS>
   </IMPORTRESULT>
  </DATA>
  <DESC>
   <CMPINFO>
    <COMPANY>0</COMPANY>
    <GROUP>0</GROUP>
    <LEDGER>27</LEDGER>
    <COSTCATEGORY>0</COSTCATEGORY>
    <COSTCENTRE>0</COSTCENTRE>
    <GODOWN>0</GODOWN>
    <STOCKGROUP>0</STOCKGROUP>
    <STOCKCATEGORY>0</STOCKCATEGORY>
    <STOCKITEM>0</STOCKITEM>
    <VOUCHERTYPE>0</VOUCHERTYPE>
    <CURRENCY>0</CURRENCY>
    <UNIT>0</UNIT>
    <BUDGET>0</BUDGET>
    <CLIENTRULE>0</CLIENTRULE>
    <SERVERRULE>0</SERVERRULE>
    <STATE>0</STATE>
    <TDSRATE>0</TDSRATE>
    <TAXCLASSIFICATION>0</TAXCLASSIFICATION>
    <STCATEGORY>0</STCATEGORY>
    <DEDUCTEETYPE>0</DEDUCTEETYPE>
    <ATTENDANCETYPE>0</ATTENDANCETYPE>
    <FBTCATEGORY>0</FBTCATEGORY>
    <FBTASSESSEETYPE>0</FBTASSESSEETYPE>
    <TARIFFCLASSIFICATION>0</TARIFFCLASSIFICATION>
    <EXCISEDUTYCLASSIFICATION>0</EXCISEDUTYCLASSIFICATION>
    <SERIALNUMBER>0</SERIALNUMBER>
    <ADJUSTMENTCLASSIFICATION>0</ADJUSTMENTCLASSIFICATION>
    <INCOMETAXSLAB>0</INCOMETAXSLAB>
    <INCOMETAXCLASSIFICATION>0</INCOMETAXCLASSIFICATION>
    <VOUCHER>0</VOUCHER>
   </CMPINFO>
  </DESC>
 </BODY>
</ENVELOPE>

Response
<ENVELOPE><HEADER><VERSION>1</VERSION><TALLYREQUEST>Import</TALLYREQUEST><TYPE>Data</TYPE><ID>All Masters</ID></HEADER><BODY><DESC><STATICVARIABLES><SVCURRENTCOMPANY>CMS</SVCURRENTCOMPANY><IMPORTDUPS>@@DupIgnoreCombine</IMPORTDUPS></STATICVARIABLES></DESC><DATA><TALLYMESSAGE><LEDGER NAME="Hon-Member charges"><PARENT>Direct Incomes</PARENT><LANGUAGENAME.LIST><NAME.LIST TYPE="String"><NAME>Hon-Member charges</NAME><NAME>CSH</NAME></NAME.LIST></LANGUAGENAME.LIST></LEDGER></TALLYMESSAGE></DATA></BODY></ENVELOPE>
		Ledger Name : Hon-Member charges
Alias Name : CSH

 Request XML 
<ENVELOPE><HEADER><VERSION>1</VERSION><TALLYREQUEST>Import</TALLYREQUEST><TYPE>Data</TYPE><ID>All Masters</ID></HEADER><BODY><DESC><STATICVARIABLES><SVCURRENTCOMPANY>CMS</SVCURRENTCOMPANY><IMPORTDUPS>@@DupIgnoreCombine</IMPORTDUPS></STATICVARIABLES></DESC><DATA><TALLYMESSAGE><LEDGER NAME="Hon-Member charges"><PARENT>Direct Incomes</PARENT><LANGUAGENAME.LIST><NAME.LIST TYPE="String"><NAME>Hon-Member charges</NAME><NAME>CSH</NAME></NAME.LIST></LANGUAGENAME.LIST></LEDGER></TALLYMESSAGE></DATA></BODY></ENVELOPE>

 Response XML 
<ENVELOPE>
 <HEADER>
  <VERSION>1</VERSION>
  <STATUS>1</STATUS>
 </HEADER>
 <BODY>
  <DATA>
   <IMPORTRESULT>
    <CREATED>0</CREATED>
    <ALTERED>1</ALTERED>
    <LASTVCHID>0</LASTVCHID>
    <LASTMID>0</LASTMID>
    <COMBINED>0</COMBINED>
    <IGNORED>0</IGNORED>
    <ERRORS>0</ERRORS>
   </IMPORTRESULT>
  </DATA>
  <DESC>
   <CMPINFO>
    <COMPANY>0</COMPANY>
    <GROUP>0</GROUP>
    <LEDGER>27</LEDGER>
    <COSTCATEGORY>0</COSTCATEGORY>
    <COSTCENTRE>0</COSTCENTRE>
    <GODOWN>0</GODOWN>
    <STOCKGROUP>0</STOCKGROUP>
    <STOCKCATEGORY>0</STOCKCATEGORY>
    <STOCKITEM>0</STOCKITEM>
    <VOUCHERTYPE>0</VOUCHERTYPE>
    <CURRENCY>0</CURRENCY>
    <UNIT>0</UNIT>
    <BUDGET>0</BUDGET>
    <CLIENTRULE>0</CLIENTRULE>
    <SERVERRULE>0</SERVERRULE>
    <STATE>0</STATE>
    <TDSRATE>0</TDSRATE>
    <TAXCLASSIFICATION>0</TAXCLASSIFICATION>
    <STCATEGORY>0</STCATEGORY>
    <DEDUCTEETYPE>0</DEDUCTEETYPE>
    <ATTENDANCETYPE>0</ATTENDANCETYPE>
    <FBTCATEGORY>0</FBTCATEGORY>
    <FBTASSESSEETYPE>0</FBTASSESSEETYPE>
    <TARIFFCLASSIFICATION>0</TARIFFCLASSIFICATION>
    <EXCISEDUTYCLASSIFICATION>0</EXCISEDUTYCLASSIFICATION>
    <SERIALNUMBER>0</SERIALNUMBER>
    <ADJUSTMENTCLASSIFICATION>0</ADJUSTMENTCLASSIFICATION>
    <INCOMETAXSLAB>0</INCOMETAXSLAB>
    <INCOMETAXCLASSIFICATION>0</INCOMETAXCLASSIFICATION>
    <VOUCHER>0</VOUCHER>
   </CMPINFO>
  </DESC>
 </BODY>
</ENVELOPE>





06/01/2012  09:51:44 AM
Error-->>TallySynchronizer.TallyException: <ENVELOPE>
 <HEADER>
  <VERSION>1</VERSION>
  <STATUS>1</STATUS>
 </HEADER>
 <BODY>
  <DATA>
   <IMPORTRESULT>
    <CREATED>0</CREATED>
    <ALTERED>1</ALTERED>
    <LASTVCHID>0</LASTVCHID>
    <LASTMID>0</LASTMID>
    <COMBINED>0</COMBINED>
    <IGNORED>0</IGNORED>
    <ERRORS>0</ERRORS>
   </IMPORTRESULT>
  </DATA>
  <DESC>
   <CMPINFO>
    <COMPANY>0</COMPANY>
    <GROUP>0</GROUP>
    <LEDGER>28</LEDGER>
    <COSTCATEGORY>0</COSTCATEGORY>
    <COSTCENTRE>0</COSTCENTRE>
    <GODOWN>0</GODOWN>
    <STOCKGROUP>0</STOCKGROUP>
    <STOCKCATEGORY>0</STOCKCATEGORY>
    <STOCKITEM>0</STOCKITEM>
    <VOUCHERTYPE>0</VOUCHERTYPE>
    <CURRENCY>0</CURRENCY>
    <UNIT>0</UNIT>
    <BUDGET>0</BUDGET>
    <CLIENTRULE>0</CLIENTRULE>
    <SERVERRULE>0</SERVERRULE>
    <STATE>0</STATE>
    <TDSRATE>0</TDSRATE>
    <TAXCLASSIFICATION>0</TAXCLASSIFICATION>
    <STCATEGORY>0</STCATEGORY>
    <DEDUCTEETYPE>0</DEDUCTEETYPE>
    <ATTENDANCETYPE>0</ATTENDANCETYPE>
    <FBTCATEGORY>0</FBTCATEGORY>
    <FBTASSESSEETYPE>0</FBTASSESSEETYPE>
    <TARIFFCLASSIFICATION>0</TARIFFCLASSIFICATION>
    <EXCISEDUTYCLASSIFICATION>0</EXCISEDUTYCLASSIFICATION>
    <SERIALNUMBER>0</SERIALNUMBER>
    <ADJUSTMENTCLASSIFICATION>0</ADJUSTMENTCLASSIFICATION>
    <INCOMETAXSLAB>0</INCOMETAXSLAB>
    <INCOMETAXCLASSIFICATION>0</INCOMETAXCLASSIFICATION>
    <VOUCHER>0</VOUCHER>
   </CMPINFO>
  </DESC>
 </BODY>
</ENVELOPE>

Response
<ENVELOPE><HEADER><VERSION>1</VERSION><TALLYREQUEST>Import</TALLYREQUEST><TYPE>Data</TYPE><ID>All Masters</ID></HEADER><BODY><DESC><STATICVARIABLES><SVCURRENTCOMPANY>CMS</SVCURRENTCOMPANY><IMPORTDUPS>@@DupIgnoreCombine</IMPORTDUPS></STATICVARIABLES></DESC><DATA><TALLYMESSAGE><LEDGER NAME="Service Tax@10%"><PARENT>Direct Incomes</PARENT><LANGUAGENAME.LIST><NAME.LIST TYPE="String"><NAME>Service Tax@10%</NAME><NAME>SRV</NAME></NAME.LIST></LANGUAGENAME.LIST></LEDGER></TALLYMESSAGE></DATA></BODY></ENVELOPE>
		Ledger Name : Service Tax@10%
Alias Name : SRV

 Request XML 
<ENVELOPE><HEADER><VERSION>1</VERSION><TALLYREQUEST>Import</TALLYREQUEST><TYPE>Data</TYPE><ID>All Masters</ID></HEADER><BODY><DESC><STATICVARIABLES><SVCURRENTCOMPANY>CMS</SVCURRENTCOMPANY><IMPORTDUPS>@@DupIgnoreCombine</IMPORTDUPS></STATICVARIABLES></DESC><DATA><TALLYMESSAGE><LEDGER NAME="Service Tax@10%"><PARENT>Direct Incomes</PARENT><LANGUAGENAME.LIST><NAME.LIST TYPE="String"><NAME>Service Tax@10%</NAME><NAME>SRV</NAME></NAME.LIST></LANGUAGENAME.LIST></LEDGER></TALLYMESSAGE></DATA></BODY></ENVELOPE>

 Response XML 
<ENVELOPE>
 <HEADER>
  <VERSION>1</VERSION>
  <STATUS>1</STATUS>
 </HEADER>
 <BODY>
  <DATA>
   <IMPORTRESULT>
    <CREATED>0</CREATED>
    <ALTERED>1</ALTERED>
    <LASTVCHID>0</LASTVCHID>
    <LASTMID>0</LASTMID>
    <COMBINED>0</COMBINED>
    <IGNORED>0</IGNORED>
    <ERRORS>0</ERRORS>
   </IMPORTRESULT>
  </DATA>
  <DESC>
   <CMPINFO>
    <COMPANY>0</COMPANY>
    <GROUP>0</GROUP>
    <LEDGER>28</LEDGER>
    <COSTCATEGORY>0</COSTCATEGORY>
    <COSTCENTRE>0</COSTCENTRE>
    <GODOWN>0</GODOWN>
    <STOCKGROUP>0</STOCKGROUP>
    <STOCKCATEGORY>0</STOCKCATEGORY>
    <STOCKITEM>0</STOCKITEM>
    <VOUCHERTYPE>0</VOUCHERTYPE>
    <CURRENCY>0</CURRENCY>
    <UNIT>0</UNIT>
    <BUDGET>0</BUDGET>
    <CLIENTRULE>0</CLIENTRULE>
    <SERVERRULE>0</SERVERRULE>
    <STATE>0</STATE>
    <TDSRATE>0</TDSRATE>
    <TAXCLASSIFICATION>0</TAXCLASSIFICATION>
    <STCATEGORY>0</STCATEGORY>
    <DEDUCTEETYPE>0</DEDUCTEETYPE>
    <ATTENDANCETYPE>0</ATTENDANCETYPE>
    <FBTCATEGORY>0</FBTCATEGORY>
    <FBTASSESSEETYPE>0</FBTASSESSEETYPE>
    <TARIFFCLASSIFICATION>0</TARIFFCLASSIFICATION>
    <EXCISEDUTYCLASSIFICATION>0</EXCISEDUTYCLASSIFICATION>
    <SERIALNUMBER>0</SERIALNUMBER>
    <ADJUSTMENTCLASSIFICATION>0</ADJUSTMENTCLASSIFICATION>
    <INCOMETAXSLAB>0</INCOMETAXSLAB>
    <INCOMETAXCLASSIFICATION>0</INCOMETAXCLASSIFICATION>
    <VOUCHER>0</VOUCHER>
   </CMPINFO>
  </DESC>
 </BODY>
</ENVELOPE>





06/01/2012  09:51:45 AM
Error-->>TallySynchronizer.TallyException: <ENVELOPE>
 <HEADER>
  <VERSION>1</VERSION>
  <STATUS>0</STATUS>
 </HEADER>
 <BODY>
  <DATA>
   <LINEERROR>Duplicate Entry!</LINEERROR>
   <CREATED>0</CREATED>
   <ALTERED>0</ALTERED>
   <LASTVCHID>0</LASTVCHID>
   <LASTMID>0</LASTMID>
   <COMBINED>0</COMBINED>
   <IGNORED>0</IGNORED>
   <ERRORS>1</ERRORS>
  </DATA>
  <DESC>
   <CMPINFO>
    <COMPANY>0</COMPANY>
    <GROUP>0</GROUP>
    <LEDGER>28</LEDGER>
    <COSTCATEGORY>0</COSTCATEGORY>
    <COSTCENTRE>0</COSTCENTRE>
    <GODOWN>0</GODOWN>
    <STOCKGROUP>0</STOCKGROUP>
    <STOCKCATEGORY>0</STOCKCATEGORY>
    <STOCKITEM>0</STOCKITEM>
    <VOUCHERTYPE>0</VOUCHERTYPE>
    <CURRENCY>0</CURRENCY>
    <UNIT>0</UNIT>
    <BUDGET>0</BUDGET>
    <CLIENTRULE>0</CLIENTRULE>
    <SERVERRULE>0</SERVERRULE>
    <STATE>0</STATE>
    <TDSRATE>0</TDSRATE>
    <TAXCLASSIFICATION>0</TAXCLASSIFICATION>
    <STCATEGORY>0</STCATEGORY>
    <DEDUCTEETYPE>0</DEDUCTEETYPE>
    <ATTENDANCETYPE>0</ATTENDANCETYPE>
    <FBTCATEGORY>0</FBTCATEGORY>
    <FBTASSESSEETYPE>0</FBTASSESSEETYPE>
    <TARIFFCLASSIFICATION>0</TARIFFCLASSIFICATION>
    <EXCISEDUTYCLASSIFICATION>0</EXCISEDUTYCLASSIFICATION>
    <SERIALNUMBER>0</SERIALNUMBER>
    <ADJUSTMENTCLASSIFICATION>0</ADJUSTMENTCLASSIFICATION>
    <INCOMETAXSLAB>0</INCOMETAXSLAB>
    <INCOMETAXCLASSIFICATION>0</INCOMETAXCLASSIFICATION>
    <VOUCHER>0</VOUCHER>
   </CMPINFO>
  </DESC>
 </BODY>
</ENVELOPE>

Response
<ENVELOPE><HEADER><VERSION>1</VERSION><TALLYREQUEST>Import</TALLYREQUEST><TYPE>Data</TYPE><ID>All Masters</ID></HEADER><BODY><DESC><STATICVARIABLES><SVCURRENTCOMPANY>CMS</SVCURRENTCOMPANY><IMPORTDUPS>@@DupIgnoreCombine</IMPORTDUPS></STATICVARIABLES></DESC><DATA><TALLYMESSAGE><LEDGER NAME="Green Fees"><PARENT>Direct Incomes</PARENT><LANGUAGENAME.LIST><NAME.LIST TYPE="String"><NAME>Green Fees</NAME><NAME>Green Fees</NAME></NAME.LIST></LANGUAGENAME.LIST></LEDGER></TALLYMESSAGE></DATA></BODY></ENVELOPE>
		Ledger Name : Green Fees
Alias Name : Green Fees

 Request XML 
<ENVELOPE><HEADER><VERSION>1</VERSION><TALLYREQUEST>Import</TALLYREQUEST><TYPE>Data</TYPE><ID>All Masters</ID></HEADER><BODY><DESC><STATICVARIABLES><SVCURRENTCOMPANY>CMS</SVCURRENTCOMPANY><IMPORTDUPS>@@DupIgnoreCombine</IMPORTDUPS></STATICVARIABLES></DESC><DATA><TALLYMESSAGE><LEDGER NAME="Green Fees"><PARENT>Direct Incomes</PARENT><LANGUAGENAME.LIST><NAME.LIST TYPE="String"><NAME>Green Fees</NAME><NAME>Green Fees</NAME></NAME.LIST></LANGUAGENAME.LIST></LEDGER></TALLYMESSAGE></DATA></BODY></ENVELOPE>

 Response XML 
<ENVELOPE>
 <HEADER>
  <VERSION>1</VERSION>
  <STATUS>0</STATUS>
 </HEADER>
 <BODY>
  <DATA>
   <LINEERROR>Duplicate Entry!</LINEERROR>
   <CREATED>0</CREATED>
   <ALTERED>0</ALTERED>
   <LASTVCHID>0</LASTVCHID>
   <LASTMID>0</LASTMID>
   <COMBINED>0</COMBINED>
   <IGNORED>0</IGNORED>
   <ERRORS>1</ERRORS>
  </DATA>
  <DESC>
   <CMPINFO>
    <COMPANY>0</COMPANY>
    <GROUP>0</GROUP>
    <LEDGER>28</LEDGER>
    <COSTCATEGORY>0</COSTCATEGORY>
    <COSTCENTRE>0</COSTCENTRE>
    <GODOWN>0</GODOWN>
    <STOCKGROUP>0</STOCKGROUP>
    <STOCKCATEGORY>0</STOCKCATEGORY>
    <STOCKITEM>0</STOCKITEM>
    <VOUCHERTYPE>0</VOUCHERTYPE>
    <CURRENCY>0</CURRENCY>
    <UNIT>0</UNIT>
    <BUDGET>0</BUDGET>
    <CLIENTRULE>0</CLIENTRULE>
    <SERVERRULE>0</SERVERRULE>
    <STATE>0</STATE>
    <TDSRATE>0</TDSRATE>
    <TAXCLASSIFICATION>0</TAXCLASSIFICATION>
    <STCATEGORY>0</STCATEGORY>
    <DEDUCTEETYPE>0</DEDUCTEETYPE>
    <ATTENDANCETYPE>0</ATTENDANCETYPE>
    <FBTCATEGORY>0</FBTCATEGORY>
    <FBTASSESSEETYPE>0</FBTASSESSEETYPE>
    <TARIFFCLASSIFICATION>0</TARIFFCLASSIFICATION>
    <EXCISEDUTYCLASSIFICATION>0</EXCISEDUTYCLASSIFICATION>
    <SERIALNUMBER>0</SERIALNUMBER>
    <ADJUSTMENTCLASSIFICATION>0</ADJUSTMENTCLASSIFICATION>
    <INCOMETAXSLAB>0</INCOMETAXSLAB>
    <INCOMETAXCLASSIFICATION>0</INCOMETAXCLASSIFICATION>
    <VOUCHER>0</VOUCHER>
   </CMPINFO>
  </DESC>
 </BODY>
</ENVELOPE>





06/01/2012  09:51:46 AM
Error-->>TallySynchronizer.TallyException: Ledger Not Found
		

Request 
<ENVELOPE>
<HEADER>
<VERSION>1</VERSION>
<TALLYREQUEST>Import</TALLYREQUEST>
<TYPE>Data</TYPE>
<ID>All Masters</ID>
</HEADER>
<BODY>
<DESC>
<STATICVARIABLES>
<SVCURRENTCOMPANY>CMS</SVCURRENTCOMPANY>
<IMPORTDUPS>@@DupIgnoreCombine</IMPORTDUPS>
</STATICVARIABLES>
</DESC>
<DATA>
<TALLYMESSAGE>
<VOUCHER DATE="20120105" TAGNAME = "Reference" TAGVALUE="149PAY" Action="Alter">
<DATE>20120105</DATE>
<NARRATION>[149PAY][172] ToWards : ledger cheq Cheque : [State Bank of India/BTM layout/55555]</NARRATION>
<VOUCHERTYPENAME>Receipt</VOUCHERTYPENAME>
<VOUCHERNUMBER>149PAY</VOUCHERNUMBER>
<REFERENCE>149PAY</REFERENCE>
<ALLLEDGERENTRIES.LIST>
<LEDGERNAME>CSH</LEDGERNAME>
<ISDEEMEDPOSITIVE>No</ISDEEMEDPOSITIVE>
<AMOUNT>1200</AMOUNT>
</ALLLEDGERENTRIES.LIST>
<ALLLEDGERENTRIES.LIST>
<LEDGERNAME>SRV</LEDGERNAME>
<ISDEEMEDPOSITIVE>Yes</ISDEEMEDPOSITIVE>
<AMOUNT>-600</AMOUNT>
</ALLLEDGERENTRIES.LIST>
<ALLLEDGERENTRIES.LIST>
<LEDGERNAME>Green Fees</LEDGERNAME>
<ISDEEMEDPOSITIVE>Yes</ISDEEMEDPOSITIVE>
<AMOUNT>-600</AMOUNT>
</ALLLEDGERENTRIES.LIST>

</VOUCHER>
</TALLYMESSAGE>
</DATA>
</BODY>
</ENVELOPE>

Response 
<ENVELOPE>
 <HEADER>
  <VERSION>1</VERSION>
  <STATUS>0</STATUS>
 </HEADER>
 <BODY>
  <DATA>
   <LINEERROR>Ledger &apos;Green Fees&apos; does not exist!</LINEERROR>
   <CREATED>0</CREATED>
   <ALTERED>0</ALTERED>
   <LASTVCHID>0</LASTVCHID>
   <LASTMID>0</LASTMID>
   <COMBINED>0</COMBINED>
   <IGNORED>0</IGNORED>
   <ERRORS>1</ERRORS>
  </DATA>
  <DESC>
   <CMPINFO>
    <COMPANY>0</COMPANY>
    <GROUP>0</GROUP>
    <LEDGER>28</LEDGER>
    <COSTCATEGORY>0</COSTCATEGORY>
    <COSTCENTRE>0</COSTCENTRE>
    <GODOWN>0</GODOWN>
    <STOCKGROUP>0</STOCKGROUP>
    <STOCKCATEGORY>0</STOCKCATEGORY>
    <STOCKITEM>0</STOCKITEM>
    <VOUCHERTYPE>0</VOUCHERTYPE>
    <CURRENCY>0</CURRENCY>
    <UNIT>0</UNIT>
    <BUDGET>0</BUDGET>
    <CLIENTRULE>0</CLIENTRULE>
    <SERVERRULE>0</SERVERRULE>
    <STATE>0</STATE>
    <TDSRATE>0</TDSRATE>
    <TAXCLASSIFICATION>0</TAXCLASSIFICATION>
    <STCATEGORY>0</STCATEGORY>
    <DEDUCTEETYPE>0</DEDUCTEETYPE>
    <ATTENDANCETYPE>0</ATTENDANCETYPE>
    <FBTCATEGORY>0</FBTCATEGORY>
    <FBTASSESSEETYPE>0</FBTASSESSEETYPE>
    <TARIFFCLASSIFICATION>0</TARIFFCLASSIFICATION>
    <EXCISEDUTYCLASSIFICATION>0</EXCISEDUTYCLASSIFICATION>
    <SERIALNUMBER>0</SERIALNUMBER>
    <ADJUSTMENTCLASSIFICATION>0</ADJUSTMENTCLASSIFICATION>
    <INCOMETAXSLAB>0</INCOMETAXSLAB>
    <INCOMETAXCLASSIFICATION>0</INCOMETAXCLASSIFICATION>
    <VOUCHER>0</VOUCHER>
   </CMPINFO>
  </DESC>
 </BODY>
</ENVELOPE>



06/01/2012  09:51:48 AM
Error-->>TallySynchronizer.TallyException: <ENVELOPE>
 <HEADER>
  <VERSION>1</VERSION>
  <STATUS>1</STATUS>
 </HEADER>
 <BODY>
  <DATA>
   <IMPORTRESULT>
    <CREATED>0</CREATED>
    <ALTERED>1</ALTERED>
    <LASTVCHID>0</LASTVCHID>
    <LASTMID>0</LASTMID>
    <COMBINED>0</COMBINED>
    <IGNORED>0</IGNORED>
    <ERRORS>0</ERRORS>
   </IMPORTRESULT>
  </DATA>
  <DESC>
   <CMPINFO>
    <COMPANY>0</COMPANY>
    <GROUP>0</GROUP>
    <LEDGER>29</LEDGER>
    <COSTCATEGORY>0</COSTCATEGORY>
    <COSTCENTRE>0</COSTCENTRE>
    <GODOWN>0</GODOWN>
    <STOCKGROUP>0</STOCKGROUP>
    <STOCKCATEGORY>0</STOCKCATEGORY>
    <STOCKITEM>0</STOCKITEM>
    <VOUCHERTYPE>0</VOUCHERTYPE>
    <CURRENCY>0</CURRENCY>
    <UNIT>0</UNIT>
    <BUDGET>0</BUDGET>
    <CLIENTRULE>0</CLIENTRULE>
    <SERVERRULE>0</SERVERRULE>
    <STATE>0</STATE>
    <TDSRATE>0</TDSRATE>
    <TAXCLASSIFICATION>0</TAXCLASSIFICATION>
    <STCATEGORY>0</STCATEGORY>
    <DEDUCTEETYPE>0</DEDUCTEETYPE>
    <ATTENDANCETYPE>0</ATTENDANCETYPE>
    <FBTCATEGORY>0</FBTCATEGORY>
    <FBTASSESSEETYPE>0</FBTASSESSEETYPE>
    <TARIFFCLASSIFICATION>0</TARIFFCLASSIFICATION>
    <EXCISEDUTYCLASSIFICATION>0</EXCISEDUTYCLASSIFICATION>
    <SERIALNUMBER>0</SERIALNUMBER>
    <ADJUSTMENTCLASSIFICATION>0</ADJUSTMENTCLASSIFICATION>
    <INCOMETAXSLAB>0</INCOMETAXSLAB>
    <INCOMETAXCLASSIFICATION>0</INCOMETAXCLASSIFICATION>
    <VOUCHER>0</VOUCHER>
   </CMPINFO>
  </DESC>
 </BODY>
</ENVELOPE>

Response
<ENVELOPE><HEADER><VERSION>1</VERSION><TALLYREQUEST>Import</TALLYREQUEST><TYPE>Data</TYPE><ID>All Masters</ID></HEADER><BODY><DESC><STATICVARIABLES><SVCURRENTCOMPANY>CMS</SVCURRENTCOMPANY><IMPORTDUPS>@@DupIgnoreCombine</IMPORTDUPS></STATICVARIABLES></DESC><DATA><TALLYMESSAGE><LEDGER NAME="Hon-Member charges"><PARENT>Direct Incomes</PARENT><LANGUAGENAME.LIST><NAME.LIST TYPE="String"><NAME>Hon-Member charges</NAME><NAME>CSH</NAME></NAME.LIST></LANGUAGENAME.LIST></LEDGER></TALLYMESSAGE></DATA></BODY></ENVELOPE>
		Ledger Name : Hon-Member charges
Alias Name : CSH

 Request XML 
<ENVELOPE><HEADER><VERSION>1</VERSION><TALLYREQUEST>Import</TALLYREQUEST><TYPE>Data</TYPE><ID>All Masters</ID></HEADER><BODY><DESC><STATICVARIABLES><SVCURRENTCOMPANY>CMS</SVCURRENTCOMPANY><IMPORTDUPS>@@DupIgnoreCombine</IMPORTDUPS></STATICVARIABLES></DESC><DATA><TALLYMESSAGE><LEDGER NAME="Hon-Member charges"><PARENT>Direct Incomes</PARENT><LANGUAGENAME.LIST><NAME.LIST TYPE="String"><NAME>Hon-Member charges</NAME><NAME>CSH</NAME></NAME.LIST></LANGUAGENAME.LIST></LEDGER></TALLYMESSAGE></DATA></BODY></ENVELOPE>

 Response XML 
<ENVELOPE>
 <HEADER>
  <VERSION>1</VERSION>
  <STATUS>1</STATUS>
 </HEADER>
 <BODY>
  <DATA>
   <IMPORTRESULT>
    <CREATED>0</CREATED>
    <ALTERED>1</ALTERED>
    <LASTVCHID>0</LASTVCHID>
    <LASTMID>0</LASTMID>
    <COMBINED>0</COMBINED>
    <IGNORED>0</IGNORED>
    <ERRORS>0</ERRORS>
   </IMPORTRESULT>
  </DATA>
  <DESC>
   <CMPINFO>
    <COMPANY>0</COMPANY>
    <GROUP>0</GROUP>
    <LEDGER>29</LEDGER>
    <COSTCATEGORY>0</COSTCATEGORY>
    <COSTCENTRE>0</COSTCENTRE>
    <GODOWN>0</GODOWN>
    <STOCKGROUP>0</STOCKGROUP>
    <STOCKCATEGORY>0</STOCKCATEGORY>
    <STOCKITEM>0</STOCKITEM>
    <VOUCHERTYPE>0</VOUCHERTYPE>
    <CURRENCY>0</CURRENCY>
    <UNIT>0</UNIT>
    <BUDGET>0</BUDGET>
    <CLIENTRULE>0</CLIENTRULE>
    <SERVERRULE>0</SERVERRULE>
    <STATE>0</STATE>
    <TDSRATE>0</TDSRATE>
    <TAXCLASSIFICATION>0</TAXCLASSIFICATION>
    <STCATEGORY>0</STCATEGORY>
    <DEDUCTEETYPE>0</DEDUCTEETYPE>
    <ATTENDANCETYPE>0</ATTENDANCETYPE>
    <FBTCATEGORY>0</FBTCATEGORY>
    <FBTASSESSEETYPE>0</FBTASSESSEETYPE>
    <TARIFFCLASSIFICATION>0</TARIFFCLASSIFICATION>
    <EXCISEDUTYCLASSIFICATION>0</EXCISEDUTYCLASSIFICATION>
    <SERIALNUMBER>0</SERIALNUMBER>
    <ADJUSTMENTCLASSIFICATION>0</ADJUSTMENTCLASSIFICATION>
    <INCOMETAXSLAB>0</INCOMETAXSLAB>
    <INCOMETAXCLASSIFICATION>0</INCOMETAXCLASSIFICATION>
    <VOUCHER>0</VOUCHER>
   </CMPINFO>
  </DESC>
 </BODY>
</ENVELOPE>





06/01/2012  09:51:48 AM
Error-->>TallySynchronizer.TallyException: <ENVELOPE>
 <HEADER>
  <VERSION>1</VERSION>
  <STATUS>1</STATUS>
 </HEADER>
 <BODY>
  <DATA>
   <IMPORTRESULT>
    <CREATED>0</CREATED>
    <ALTERED>1</ALTERED>
    <LASTVCHID>0</LASTVCHID>
    <LASTMID>0</LASTMID>
    <COMBINED>0</COMBINED>
    <IGNORED>0</IGNORED>
    <ERRORS>0</ERRORS>
   </IMPORTRESULT>
  </DATA>
  <DESC>
   <CMPINFO>
    <COMPANY>0</COMPANY>
    <GROUP>0</GROUP>
    <LEDGER>30</LEDGER>
    <COSTCATEGORY>0</COSTCATEGORY>
    <COSTCENTRE>0</COSTCENTRE>
    <GODOWN>0</GODOWN>
    <STOCKGROUP>0</STOCKGROUP>
    <STOCKCATEGORY>0</STOCKCATEGORY>
    <STOCKITEM>0</STOCKITEM>
    <VOUCHERTYPE>0</VOUCHERTYPE>
    <CURRENCY>0</CURRENCY>
    <UNIT>0</UNIT>
    <BUDGET>0</BUDGET>
    <CLIENTRULE>0</CLIENTRULE>
    <SERVERRULE>0</SERVERRULE>
    <STATE>0</STATE>
    <TDSRATE>0</TDSRATE>
    <TAXCLASSIFICATION>0</TAXCLASSIFICATION>
    <STCATEGORY>0</STCATEGORY>
    <DEDUCTEETYPE>0</DEDUCTEETYPE>
    <ATTENDANCETYPE>0</ATTENDANCETYPE>
    <FBTCATEGORY>0</FBTCATEGORY>
    <FBTASSESSEETYPE>0</FBTASSESSEETYPE>
    <TARIFFCLASSIFICATION>0</TARIFFCLASSIFICATION>
    <EXCISEDUTYCLASSIFICATION>0</EXCISEDUTYCLASSIFICATION>
    <SERIALNUMBER>0</SERIALNUMBER>
    <ADJUSTMENTCLASSIFICATION>0</ADJUSTMENTCLASSIFICATION>
    <INCOMETAXSLAB>0</INCOMETAXSLAB>
    <INCOMETAXCLASSIFICATION>0</INCOMETAXCLASSIFICATION>
    <VOUCHER>0</VOUCHER>
   </CMPINFO>
  </DESC>
 </BODY>
</ENVELOPE>

Response
<ENVELOPE><HEADER><VERSION>1</VERSION><TALLYREQUEST>Import</TALLYREQUEST><TYPE>Data</TYPE><ID>All Masters</ID></HEADER><BODY><DESC><STATICVARIABLES><SVCURRENTCOMPANY>CMS</SVCURRENTCOMPANY><IMPORTDUPS>@@DupIgnoreCombine</IMPORTDUPS></STATICVARIABLES></DESC><DATA><TALLYMESSAGE><LEDGER NAME="Service Tax@10%"><PARENT>Direct Incomes</PARENT><LANGUAGENAME.LIST><NAME.LIST TYPE="String"><NAME>Service Tax@10%</NAME><NAME>SRV</NAME></NAME.LIST></LANGUAGENAME.LIST></LEDGER></TALLYMESSAGE></DATA></BODY></ENVELOPE>
		Ledger Name : Service Tax@10%
Alias Name : SRV

 Request XML 
<ENVELOPE><HEADER><VERSION>1</VERSION><TALLYREQUEST>Import</TALLYREQUEST><TYPE>Data</TYPE><ID>All Masters</ID></HEADER><BODY><DESC><STATICVARIABLES><SVCURRENTCOMPANY>CMS</SVCURRENTCOMPANY><IMPORTDUPS>@@DupIgnoreCombine</IMPORTDUPS></STATICVARIABLES></DESC><DATA><TALLYMESSAGE><LEDGER NAME="Service Tax@10%"><PARENT>Direct Incomes</PARENT><LANGUAGENAME.LIST><NAME.LIST TYPE="String"><NAME>Service Tax@10%</NAME><NAME>SRV</NAME></NAME.LIST></LANGUAGENAME.LIST></LEDGER></TALLYMESSAGE></DATA></BODY></ENVELOPE>

 Response XML 
<ENVELOPE>
 <HEADER>
  <VERSION>1</VERSION>
  <STATUS>1</STATUS>
 </HEADER>
 <BODY>
  <DATA>
   <IMPORTRESULT>
    <CREATED>0</CREATED>
    <ALTERED>1</ALTERED>
    <LASTVCHID>0</LASTVCHID>
    <LASTMID>0</LASTMID>
    <COMBINED>0</COMBINED>
    <IGNORED>0</IGNORED>
    <ERRORS>0</ERRORS>
   </IMPORTRESULT>
  </DATA>
  <DESC>
   <CMPINFO>
    <COMPANY>0</COMPANY>
    <GROUP>0</GROUP>
    <LEDGER>30</LEDGER>
    <COSTCATEGORY>0</COSTCATEGORY>
    <COSTCENTRE>0</COSTCENTRE>
    <GODOWN>0</GODOWN>
    <STOCKGROUP>0</STOCKGROUP>
    <STOCKCATEGORY>0</STOCKCATEGORY>
    <STOCKITEM>0</STOCKITEM>
    <VOUCHERTYPE>0</VOUCHERTYPE>
    <CURRENCY>0</CURRENCY>
    <UNIT>0</UNIT>
    <BUDGET>0</BUDGET>
    <CLIENTRULE>0</CLIENTRULE>
    <SERVERRULE>0</SERVERRULE>
    <STATE>0</STATE>
    <TDSRATE>0</TDSRATE>
    <TAXCLASSIFICATION>0</TAXCLASSIFICATION>
    <STCATEGORY>0</STCATEGORY>
    <DEDUCTEETYPE>0</DEDUCTEETYPE>
    <ATTENDANCETYPE>0</ATTENDANCETYPE>
    <FBTCATEGORY>0</FBTCATEGORY>
    <FBTASSESSEETYPE>0</FBTASSESSEETYPE>
    <TARIFFCLASSIFICATION>0</TARIFFCLASSIFICATION>
    <EXCISEDUTYCLASSIFICATION>0</EXCISEDUTYCLASSIFICATION>
    <SERIALNUMBER>0</SERIALNUMBER>
    <ADJUSTMENTCLASSIFICATION>0</ADJUSTMENTCLASSIFICATION>
    <INCOMETAXSLAB>0</INCOMETAXSLAB>
    <INCOMETAXCLASSIFICATION>0</INCOMETAXCLASSIFICATION>
    <VOUCHER>0</VOUCHER>
   </CMPINFO>
  </DESC>
 </BODY>
</ENVELOPE>





06/01/2012  09:51:49 AM
Error-->>TallySynchronizer.TallyException: <ENVELOPE>
 <HEADER>
  <VERSION>1</VERSION>
  <STATUS>0</STATUS>
 </HEADER>
 <BODY>
  <DATA>
   <LINEERROR>Duplicate Entry!</LINEERROR>
   <CREATED>0</CREATED>
   <ALTERED>0</ALTERED>
   <LASTVCHID>0</LASTVCHID>
   <LASTMID>0</LASTMID>
   <COMBINED>0</COMBINED>
   <IGNORED>0</IGNORED>
   <ERRORS>1</ERRORS>
  </DATA>
  <DESC>
   <CMPINFO>
    <COMPANY>0</COMPANY>
    <GROUP>0</GROUP>
    <LEDGER>30</LEDGER>
    <COSTCATEGORY>0</COSTCATEGORY>
    <COSTCENTRE>0</COSTCENTRE>
    <GODOWN>0</GODOWN>
    <STOCKGROUP>0</STOCKGROUP>
    <STOCKCATEGORY>0</STOCKCATEGORY>
    <STOCKITEM>0</STOCKITEM>
    <VOUCHERTYPE>0</VOUCHERTYPE>
    <CURRENCY>0</CURRENCY>
    <UNIT>0</UNIT>
    <BUDGET>0</BUDGET>
    <CLIENTRULE>0</CLIENTRULE>
    <SERVERRULE>0</SERVERRULE>
    <STATE>0</STATE>
    <TDSRATE>0</TDSRATE>
    <TAXCLASSIFICATION>0</TAXCLASSIFICATION>
    <STCATEGORY>0</STCATEGORY>
    <DEDUCTEETYPE>0</DEDUCTEETYPE>
    <ATTENDANCETYPE>0</ATTENDANCETYPE>
    <FBTCATEGORY>0</FBTCATEGORY>
    <FBTASSESSEETYPE>0</FBTASSESSEETYPE>
    <TARIFFCLASSIFICATION>0</TARIFFCLASSIFICATION>
    <EXCISEDUTYCLASSIFICATION>0</EXCISEDUTYCLASSIFICATION>
    <SERIALNUMBER>0</SERIALNUMBER>
    <ADJUSTMENTCLASSIFICATION>0</ADJUSTMENTCLASSIFICATION>
    <INCOMETAXSLAB>0</INCOMETAXSLAB>
    <INCOMETAXCLASSIFICATION>0</INCOMETAXCLASSIFICATION>
    <VOUCHER>0</VOUCHER>
   </CMPINFO>
  </DESC>
 </BODY>
</ENVELOPE>

Response
<ENVELOPE><HEADER><VERSION>1</VERSION><TALLYREQUEST>Import</TALLYREQUEST><TYPE>Data</TYPE><ID>All Masters</ID></HEADER><BODY><DESC><STATICVARIABLES><SVCURRENTCOMPANY>CMS</SVCURRENTCOMPANY><IMPORTDUPS>@@DupIgnoreCombine</IMPORTDUPS></STATICVARIABLES></DESC><DATA><TALLYMESSAGE><LEDGER NAME="Green Fees"><PARENT>Direct Incomes</PARENT><LANGUAGENAME.LIST><NAME.LIST TYPE="String"><NAME>Green Fees</NAME><NAME>Green Fees</NAME></NAME.LIST></LANGUAGENAME.LIST></LEDGER></TALLYMESSAGE></DATA></BODY></ENVELOPE>
		Ledger Name : Green Fees
Alias Name : Green Fees

 Request XML 
<ENVELOPE><HEADER><VERSION>1</VERSION><TALLYREQUEST>Import</TALLYREQUEST><TYPE>Data</TYPE><ID>All Masters</ID></HEADER><BODY><DESC><STATICVARIABLES><SVCURRENTCOMPANY>CMS</SVCURRENTCOMPANY><IMPORTDUPS>@@DupIgnoreCombine</IMPORTDUPS></STATICVARIABLES></DESC><DATA><TALLYMESSAGE><LEDGER NAME="Green Fees"><PARENT>Direct Incomes</PARENT><LANGUAGENAME.LIST><NAME.LIST TYPE="String"><NAME>Green Fees</NAME><NAME>Green Fees</NAME></NAME.LIST></LANGUAGENAME.LIST></LEDGER></TALLYMESSAGE></DATA></BODY></ENVELOPE>

 Response XML 
<ENVELOPE>
 <HEADER>
  <VERSION>1</VERSION>
  <STATUS>0</STATUS>
 </HEADER>
 <BODY>
  <DATA>
   <LINEERROR>Duplicate Entry!</LINEERROR>
   <CREATED>0</CREATED>
   <ALTERED>0</ALTERED>
   <LASTVCHID>0</LASTVCHID>
   <LASTMID>0</LASTMID>
   <COMBINED>0</COMBINED>
   <IGNORED>0</IGNORED>
   <ERRORS>1</ERRORS>
  </DATA>
  <DESC>
   <CMPINFO>
    <COMPANY>0</COMPANY>
    <GROUP>0</GROUP>
    <LEDGER>30</LEDGER>
    <COSTCATEGORY>0</COSTCATEGORY>
    <COSTCENTRE>0</COSTCENTRE>
    <GODOWN>0</GODOWN>
    <STOCKGROUP>0</STOCKGROUP>
    <STOCKCATEGORY>0</STOCKCATEGORY>
    <STOCKITEM>0</STOCKITEM>
    <VOUCHERTYPE>0</VOUCHERTYPE>
    <CURRENCY>0</CURRENCY>
    <UNIT>0</UNIT>
    <BUDGET>0</BUDGET>
    <CLIENTRULE>0</CLIENTRULE>
    <SERVERRULE>0</SERVERRULE>
    <STATE>0</STATE>
    <TDSRATE>0</TDSRATE>
    <TAXCLASSIFICATION>0</TAXCLASSIFICATION>
    <STCATEGORY>0</STCATEGORY>
    <DEDUCTEETYPE>0</DEDUCTEETYPE>
    <ATTENDANCETYPE>0</ATTENDANCETYPE>
    <FBTCATEGORY>0</FBTCATEGORY>
    <FBTASSESSEETYPE>0</FBTASSESSEETYPE>
    <TARIFFCLASSIFICATION>0</TARIFFCLASSIFICATION>
    <EXCISEDUTYCLASSIFICATION>0</EXCISEDUTYCLASSIFICATION>
    <SERIALNUMBER>0</SERIALNUMBER>
    <ADJUSTMENTCLASSIFICATION>0</ADJUSTMENTCLASSIFICATION>
    <INCOMETAXSLAB>0</INCOMETAXSLAB>
    <INCOMETAXCLASSIFICATION>0</INCOMETAXCLASSIFICATION>
    <VOUCHER>0</VOUCHER>
   </CMPINFO>
  </DESC>
 </BODY>
</ENVELOPE>





06/01/2012  09:51:49 AM
Error-->>TallySynchronizer.TallyException: Ledger Mapping Not found for Entry Detail:1816
		EntryID = 798Ledger ID 241


06/01/2012  09:51:49 AM
Error-->>TallySynchronizer.TallyException: System.Exception: Voucher Original Entry Date Needed for modification not provided
   at TallySynchronizer.TallyVoucher.GetVoucherXML(String TallyCompanyName) in D:\TEST\TallySynchronizer\TallyVoucher.cs:line 258
   at TallySynchronizer.TallyConnection.AlterVoucherEntry(TallyVoucher VoucherEntry) in D:\TEST\TallySynchronizer\TallyConnection.cs:line 136
   at TallySynchronizer.Tally.UpdateTally(Tally_Entry TallyEntry, Tally_EntryDetails[] TallyEntryDetails, SyncType Type, Int16 RetryCount) in D:\TEST\TallySynchronizer\TallyManager.cs:line 426
   at TallySynchronizer.Tally.UpdateTally(Tally_Entry TallyEntry, Tally_EntryDetails[] TallyEntryDetails, SyncType Type, Int16 RetryCount) in D:\TEST\TallySynchronizer\TallyManager.cs:line 557
   at TallySynchronizer.Tally.UpdateTally(Tally_Entry TallyEntry, Tally_EntryDetails[] TallyEntryDetails, SyncType Type) in D:\TEST\TallySynchronizer\TallyManager.cs:line 305
   at TallySynchronizer.Tally.ExportOffLineTransactions() in D:\TEST\TallySynchronizer\TallyManager.cs:line 188
		


06/01/2012  09:52:27 AM
Error-->>TallySynchronizer.TallyException: Ledger Not Found
		

Request 
<ENVELOPE>
<HEADER>
<VERSION>1</VERSION>
<TALLYREQUEST>Import</TALLYREQUEST>
<TYPE>Data</TYPE>
<ID>All Masters</ID>
</HEADER>
<BODY>
<DESC>
<STATICVARIABLES>
<SVCURRENTCOMPANY>CMS</SVCURRENTCOMPANY>
<IMPORTDUPS>@@DupIgnoreCombine</IMPORTDUPS>
</STATICVARIABLES>
</DESC>
<DATA>
<TALLYMESSAGE>
<VOUCHER DATE="20120105" TAGNAME = "Reference" TAGVALUE="149PAY" Action="Alter">
<DATE>20120105</DATE>
<NARRATION>[149PAY][172] ToWards : ledger cheq Cheque : [State Bank of India/BTM layout/55555]</NARRATION>
<VOUCHERTYPENAME>Receipt</VOUCHERTYPENAME>
<VOUCHERNUMBER>149PAY</VOUCHERNUMBER>
<REFERENCE>149PAY</REFERENCE>
<ALLLEDGERENTRIES.LIST>
<LEDGERNAME>CSH</LEDGERNAME>
<ISDEEMEDPOSITIVE>No</ISDEEMEDPOSITIVE>
<AMOUNT>1200</AMOUNT>
</ALLLEDGERENTRIES.LIST>
<ALLLEDGERENTRIES.LIST>
<LEDGERNAME>SRV</LEDGERNAME>
<ISDEEMEDPOSITIVE>Yes</ISDEEMEDPOSITIVE>
<AMOUNT>-600</AMOUNT>
</ALLLEDGERENTRIES.LIST>
<ALLLEDGERENTRIES.LIST>
<LEDGERNAME>Green Fees</LEDGERNAME>
<ISDEEMEDPOSITIVE>Yes</ISDEEMEDPOSITIVE>
<AMOUNT>-600</AMOUNT>
</ALLLEDGERENTRIES.LIST>

</VOUCHER>
</TALLYMESSAGE>
</DATA>
</BODY>
</ENVELOPE>

Response 
<ENVELOPE>
 <HEADER>
  <VERSION>1</VERSION>
  <STATUS>0</STATUS>
 </HEADER>
 <BODY>
  <DATA>
   <LINEERROR>Ledger &apos;Green Fees&apos; does not exist!</LINEERROR>
   <CREATED>0</CREATED>
   <ALTERED>0</ALTERED>
   <LASTVCHID>0</LASTVCHID>
   <LASTMID>0</LASTMID>
   <COMBINED>0</COMBINED>
   <IGNORED>0</IGNORED>
   <ERRORS>1</ERRORS>
  </DATA>
  <DESC>
   <CMPINFO>
    <COMPANY>0</COMPANY>
    <GROUP>0</GROUP>
    <LEDGER>30</LEDGER>
    <COSTCATEGORY>0</COSTCATEGORY>
    <COSTCENTRE>0</COSTCENTRE>
    <GODOWN>0</GODOWN>
    <STOCKGROUP>0</STOCKGROUP>
    <STOCKCATEGORY>0</STOCKCATEGORY>
    <STOCKITEM>0</STOCKITEM>
    <VOUCHERTYPE>0</VOUCHERTYPE>
    <CURRENCY>0</CURRENCY>
    <UNIT>0</UNIT>
    <BUDGET>0</BUDGET>
    <CLIENTRULE>0</CLIENTRULE>
    <SERVERRULE>0</SERVERRULE>
    <STATE>0</STATE>
    <TDSRATE>0</TDSRATE>
    <TAXCLASSIFICATION>0</TAXCLASSIFICATION>
    <STCATEGORY>0</STCATEGORY>
    <DEDUCTEETYPE>0</DEDUCTEETYPE>
    <ATTENDANCETYPE>0</ATTENDANCETYPE>
    <FBTCATEGORY>0</FBTCATEGORY>
    <FBTASSESSEETYPE>0</FBTASSESSEETYPE>
    <TARIFFCLASSIFICATION>0</TARIFFCLASSIFICATION>
    <EXCISEDUTYCLASSIFICATION>0</EXCISEDUTYCLASSIFICATION>
    <SERIALNUMBER>0</SERIALNUMBER>
    <ADJUSTMENTCLASSIFICATION>0</ADJUSTMENTCLASSIFICATION>
    <INCOMETAXSLAB>0</INCOMETAXSLAB>
    <INCOMETAXCLASSIFICATION>0</INCOMETAXCLASSIFICATION>
    <VOUCHER>0</VOUCHER>
   </CMPINFO>
  </DESC>
 </BODY>
</ENVELOPE>



06/01/2012  09:53:22 AM
Error-->>TallySynchronizer.TallyException: <ENVELOPE>
 <HEADER>
  <VERSION>1</VERSION>
  <STATUS>1</STATUS>
 </HEADER>
 <BODY>
  <DATA>
   <IMPORTRESULT>
    <CREATED>0</CREATED>
    <ALTERED>1</ALTERED>
    <LASTVCHID>0</LASTVCHID>
    <LASTMID>0</LASTMID>
    <COMBINED>0</COMBINED>
    <IGNORED>0</IGNORED>
    <ERRORS>0</ERRORS>
   </IMPORTRESULT>
  </DATA>
  <DESC>
   <CMPINFO>
    <COMPANY>0</COMPANY>
    <GROUP>0</GROUP>
    <LEDGER>32</LEDGER>
    <COSTCATEGORY>0</COSTCATEGORY>
    <COSTCENTRE>0</COSTCENTRE>
    <GODOWN>0</GODOWN>
    <STOCKGROUP>0</STOCKGROUP>
    <STOCKCATEGORY>0</STOCKCATEGORY>
    <STOCKITEM>0</STOCKITEM>
    <VOUCHERTYPE>0</VOUCHERTYPE>
    <CURRENCY>0</CURRENCY>
    <UNIT>0</UNIT>
    <BUDGET>0</BUDGET>
    <CLIENTRULE>0</CLIENTRULE>
    <SERVERRULE>0</SERVERRULE>
    <STATE>0</STATE>
    <TDSRATE>0</TDSRATE>
    <TAXCLASSIFICATION>0</TAXCLASSIFICATION>
    <STCATEGORY>0</STCATEGORY>
    <DEDUCTEETYPE>0</DEDUCTEETYPE>
    <ATTENDANCETYPE>0</ATTENDANCETYPE>
    <FBTCATEGORY>0</FBTCATEGORY>
    <FBTASSESSEETYPE>0</FBTASSESSEETYPE>
    <TARIFFCLASSIFICATION>0</TARIFFCLASSIFICATION>
    <EXCISEDUTYCLASSIFICATION>0</EXCISEDUTYCLASSIFICATION>
    <SERIALNUMBER>0</SERIALNUMBER>
    <ADJUSTMENTCLASSIFICATION>0</ADJUSTMENTCLASSIFICATION>
    <INCOMETAXSLAB>0</INCOMETAXSLAB>
    <INCOMETAXCLASSIFICATION>0</INCOMETAXCLASSIFICATION>
    <VOUCHER>0</VOUCHER>
   </CMPINFO>
  </DESC>
 </BODY>
</ENVELOPE>

Response
<ENVELOPE><HEADER><VERSION>1</VERSION><TALLYREQUEST>Import</TALLYREQUEST><TYPE>Data</TYPE><ID>All Masters</ID></HEADER><BODY><DESC><STATICVARIABLES><SVCURRENTCOMPANY>CMS</SVCURRENTCOMPANY><IMPORTDUPS>@@DupIgnoreCombine</IMPORTDUPS></STATICVARIABLES></DESC><DATA><TALLYMESSAGE><LEDGER NAME="Service Tax@10%"><PARENT>Direct Incomes</PARENT><LANGUAGENAME.LIST><NAME.LIST TYPE="String"><NAME>Service Tax@10%</NAME><NAME>SRV</NAME></NAME.LIST></LANGUAGENAME.LIST></LEDGER></TALLYMESSAGE></DATA></BODY></ENVELOPE>
		Ledger Name : Service Tax@10%
Alias Name : SRV

 Request XML 
<ENVELOPE><HEADER><VERSION>1</VERSION><TALLYREQUEST>Import</TALLYREQUEST><TYPE>Data</TYPE><ID>All Masters</ID></HEADER><BODY><DESC><STATICVARIABLES><SVCURRENTCOMPANY>CMS</SVCURRENTCOMPANY><IMPORTDUPS>@@DupIgnoreCombine</IMPORTDUPS></STATICVARIABLES></DESC><DATA><TALLYMESSAGE><LEDGER NAME="Service Tax@10%"><PARENT>Direct Incomes</PARENT><LANGUAGENAME.LIST><NAME.LIST TYPE="String"><NAME>Service Tax@10%</NAME><NAME>SRV</NAME></NAME.LIST></LANGUAGENAME.LIST></LEDGER></TALLYMESSAGE></DATA></BODY></ENVELOPE>

 Response XML 
<ENVELOPE>
 <HEADER>
  <VERSION>1</VERSION>
  <STATUS>1</STATUS>
 </HEADER>
 <BODY>
  <DATA>
   <IMPORTRESULT>
    <CREATED>0</CREATED>
    <ALTERED>1</ALTERED>
    <LASTVCHID>0</LASTVCHID>
    <LASTMID>0</LASTMID>
    <COMBINED>0</COMBINED>
    <IGNORED>0</IGNORED>
    <ERRORS>0</ERRORS>
   </IMPORTRESULT>
  </DATA>
  <DESC>
   <CMPINFO>
    <COMPANY>0</COMPANY>
    <GROUP>0</GROUP>
    <LEDGER>32</LEDGER>
    <COSTCATEGORY>0</COSTCATEGORY>
    <COSTCENTRE>0</COSTCENTRE>
    <GODOWN>0</GODOWN>
    <STOCKGROUP>0</STOCKGROUP>
    <STOCKCATEGORY>0</STOCKCATEGORY>
    <STOCKITEM>0</STOCKITEM>
    <VOUCHERTYPE>0</VOUCHERTYPE>
    <CURRENCY>0</CURRENCY>
    <UNIT>0</UNIT>
    <BUDGET>0</BUDGET>
    <CLIENTRULE>0</CLIENTRULE>
    <SERVERRULE>0</SERVERRULE>
    <STATE>0</STATE>
    <TDSRATE>0</TDSRATE>
    <TAXCLASSIFICATION>0</TAXCLASSIFICATION>
    <STCATEGORY>0</STCATEGORY>
    <DEDUCTEETYPE>0</DEDUCTEETYPE>
    <ATTENDANCETYPE>0</ATTENDANCETYPE>
    <FBTCATEGORY>0</FBTCATEGORY>
    <FBTASSESSEETYPE>0</FBTASSESSEETYPE>
    <TARIFFCLASSIFICATION>0</TARIFFCLASSIFICATION>
    <EXCISEDUTYCLASSIFICATION>0</EXCISEDUTYCLASSIFICATION>
    <SERIALNUMBER>0</SERIALNUMBER>
    <ADJUSTMENTCLASSIFICATION>0</ADJUSTMENTCLASSIFICATION>
    <INCOMETAXSLAB>0</INCOMETAXSLAB>
    <INCOMETAXCLASSIFICATION>0</INCOMETAXCLASSIFICATION>
    <VOUCHER>0</VOUCHER>
   </CMPINFO>
  </DESC>
 </BODY>
</ENVELOPE>





06/01/2012  09:53:22 AM
Error-->>TallySynchronizer.TallyException: <ENVELOPE>
 <HEADER>
  <VERSION>1</VERSION>
  <STATUS>0</STATUS>
 </HEADER>
 <BODY>
  <DATA>
   <LINEERROR>Duplicate Entry!</LINEERROR>
   <CREATED>0</CREATED>
   <ALTERED>0</ALTERED>
   <LASTVCHID>0</LASTVCHID>
   <LASTMID>0</LASTMID>
   <COMBINED>0</COMBINED>
   <IGNORED>0</IGNORED>
   <ERRORS>1</ERRORS>
  </DATA>
  <DESC>
   <CMPINFO>
    <COMPANY>0</COMPANY>
    <GROUP>0</GROUP>
    <LEDGER>32</LEDGER>
    <COSTCATEGORY>0</COSTCATEGORY>
    <COSTCENTRE>0</COSTCENTRE>
    <GODOWN>0</GODOWN>
    <STOCKGROUP>0</STOCKGROUP>
    <STOCKCATEGORY>0</STOCKCATEGORY>
    <STOCKITEM>0</STOCKITEM>
    <VOUCHERTYPE>0</VOUCHERTYPE>
    <CURRENCY>0</CURRENCY>
    <UNIT>0</UNIT>
    <BUDGET>0</BUDGET>
    <CLIENTRULE>0</CLIENTRULE>
    <SERVERRULE>0</SERVERRULE>
    <STATE>0</STATE>
    <TDSRATE>0</TDSRATE>
    <TAXCLASSIFICATION>0</TAXCLASSIFICATION>
    <STCATEGORY>0</STCATEGORY>
    <DEDUCTEETYPE>0</DEDUCTEETYPE>
    <ATTENDANCETYPE>0</ATTENDANCETYPE>
    <FBTCATEGORY>0</FBTCATEGORY>
    <FBTASSESSEETYPE>0</FBTASSESSEETYPE>
    <TARIFFCLASSIFICATION>0</TARIFFCLASSIFICATION>
    <EXCISEDUTYCLASSIFICATION>0</EXCISEDUTYCLASSIFICATION>
    <SERIALNUMBER>0</SERIALNUMBER>
    <ADJUSTMENTCLASSIFICATION>0</ADJUSTMENTCLASSIFICATION>
    <INCOMETAXSLAB>0</INCOMETAXSLAB>
    <INCOMETAXCLASSIFICATION>0</INCOMETAXCLASSIFICATION>
    <VOUCHER>0</VOUCHER>
   </CMPINFO>
  </DESC>
 </BODY>
</ENVELOPE>

Response
<ENVELOPE><HEADER><VERSION>1</VERSION><TALLYREQUEST>Import</TALLYREQUEST><TYPE>Data</TYPE><ID>All Masters</ID></HEADER><BODY><DESC><STATICVARIABLES><SVCURRENTCOMPANY>CMS</SVCURRENTCOMPANY><IMPORTDUPS>@@DupIgnoreCombine</IMPORTDUPS></STATICVARIABLES></DESC><DATA><TALLYMESSAGE><LEDGER NAME="Green Fees"><PARENT>Direct Incomes</PARENT><LANGUAGENAME.LIST><NAME.LIST TYPE="String"><NAME>Green Fees</NAME><NAME>Green Fees</NAME></NAME.LIST></LANGUAGENAME.LIST></LEDGER></TALLYMESSAGE></DATA></BODY></ENVELOPE>
		Ledger Name : Green Fees
Alias Name : Green Fees

 Request XML 
<ENVELOPE><HEADER><VERSION>1</VERSION><TALLYREQUEST>Import</TALLYREQUEST><TYPE>Data</TYPE><ID>All Masters</ID></HEADER><BODY><DESC><STATICVARIABLES><SVCURRENTCOMPANY>CMS</SVCURRENTCOMPANY><IMPORTDUPS>@@DupIgnoreCombine</IMPORTDUPS></STATICVARIABLES></DESC><DATA><TALLYMESSAGE><LEDGER NAME="Green Fees"><PARENT>Direct Incomes</PARENT><LANGUAGENAME.LIST><NAME.LIST TYPE="String"><NAME>Green Fees</NAME><NAME>Green Fees</NAME></NAME.LIST></LANGUAGENAME.LIST></LEDGER></TALLYMESSAGE></DATA></BODY></ENVELOPE>

 Response XML 
<ENVELOPE>
 <HEADER>
  <VERSION>1</VERSION>
  <STATUS>0</STATUS>
 </HEADER>
 <BODY>
  <DATA>
   <LINEERROR>Duplicate Entry!</LINEERROR>
   <CREATED>0</CREATED>
   <ALTERED>0</ALTERED>
   <LASTVCHID>0</LASTVCHID>
   <LASTMID>0</LASTMID>
   <COMBINED>0</COMBINED>
   <IGNORED>0</IGNORED>
   <ERRORS>1</ERRORS>
  </DATA>
  <DESC>
   <CMPINFO>
    <COMPANY>0</COMPANY>
    <GROUP>0</GROUP>
    <LEDGER>32</LEDGER>
    <COSTCATEGORY>0</COSTCATEGORY>
    <COSTCENTRE>0</COSTCENTRE>
    <GODOWN>0</GODOWN>
    <STOCKGROUP>0</STOCKGROUP>
    <STOCKCATEGORY>0</STOCKCATEGORY>
    <STOCKITEM>0</STOCKITEM>
    <VOUCHERTYPE>0</VOUCHERTYPE>
    <CURRENCY>0</CURRENCY>
    <UNIT>0</UNIT>
    <BUDGET>0</BUDGET>
    <CLIENTRULE>0</CLIENTRULE>
    <SERVERRULE>0</SERVERRULE>
    <STATE>0</STATE>
    <TDSRATE>0</TDSRATE>
    <TAXCLASSIFICATION>0</TAXCLASSIFICATION>
    <STCATEGORY>0</STCATEGORY>
    <DEDUCTEETYPE>0</DEDUCTEETYPE>
    <ATTENDANCETYPE>0</ATTENDANCETYPE>
    <FBTCATEGORY>0</FBTCATEGORY>
    <FBTASSESSEETYPE>0</FBTASSESSEETYPE>
    <TARIFFCLASSIFICATION>0</TARIFFCLASSIFICATION>
    <EXCISEDUTYCLASSIFICATION>0</EXCISEDUTYCLASSIFICATION>
    <SERIALNUMBER>0</SERIALNUMBER>
    <ADJUSTMENTCLASSIFICATION>0</ADJUSTMENTCLASSIFICATION>
    <INCOMETAXSLAB>0</INCOMETAXSLAB>
    <INCOMETAXCLASSIFICATION>0</INCOMETAXCLASSIFICATION>
    <VOUCHER>0</VOUCHER>
   </CMPINFO>
  </DESC>
 </BODY>
</ENVELOPE>





06/01/2012  09:53:23 AM
Error-->>TallySynchronizer.TallyException: Ledger Not Found
		

Request 
<ENVELOPE>
<HEADER>
<VERSION>1</VERSION>
<TALLYREQUEST>Import</TALLYREQUEST>
<TYPE>Data</TYPE>
<ID>All Masters</ID>
</HEADER>
<BODY>
<DESC>
<STATICVARIABLES>
<SVCURRENTCOMPANY>CMS</SVCURRENTCOMPANY>
<IMPORTDUPS>@@DupIgnoreCombine</IMPORTDUPS>
</STATICVARIABLES>
</DESC>
<DATA>
<TALLYMESSAGE>
<VOUCHER DATE="20120105" TAGNAME = "Reference" TAGVALUE="149PAY" Action="Alter">
<DATE>20120105</DATE>
<NARRATION>[149PAY][172] ToWards : ledger cheq Cheque : [State Bank of India/BTM layout/55555]</NARRATION>
<VOUCHERTYPENAME>Receipt</VOUCHERTYPENAME>
<VOUCHERNUMBER>149PAY</VOUCHERNUMBER>
<REFERENCE>149PAY</REFERENCE>
<ALLLEDGERENTRIES.LIST>
<LEDGERNAME>CSH</LEDGERNAME>
<ISDEEMEDPOSITIVE>No</ISDEEMEDPOSITIVE>
<AMOUNT>1200</AMOUNT>
</ALLLEDGERENTRIES.LIST>
<ALLLEDGERENTRIES.LIST>
<LEDGERNAME>SRV</LEDGERNAME>
<ISDEEMEDPOSITIVE>Yes</ISDEEMEDPOSITIVE>
<AMOUNT>-600</AMOUNT>
</ALLLEDGERENTRIES.LIST>
<ALLLEDGERENTRIES.LIST>
<LEDGERNAME>Green Fees</LEDGERNAME>
<ISDEEMEDPOSITIVE>Yes</ISDEEMEDPOSITIVE>
<AMOUNT>-600</AMOUNT>
</ALLLEDGERENTRIES.LIST>

</VOUCHER>
</TALLYMESSAGE>
</DATA>
</BODY>
</ENVELOPE>

Response 
<ENVELOPE>
 <HEADER>
  <VERSION>1</VERSION>
  <STATUS>0</STATUS>
 </HEADER>
 <BODY>
  <DATA>
   <LINEERROR>Ledger &apos;Green Fees&apos; does not exist!</LINEERROR>
   <CREATED>0</CREATED>
   <ALTERED>0</ALTERED>
   <LASTVCHID>0</LASTVCHID>
   <LASTMID>0</LASTMID>
   <COMBINED>0</COMBINED>
   <IGNORED>0</IGNORED>
   <ERRORS>1</ERRORS>
  </DATA>
  <DESC>
   <CMPINFO>
    <COMPANY>0</COMPANY>
    <GROUP>0</GROUP>
    <LEDGER>32</LEDGER>
    <COSTCATEGORY>0</COSTCATEGORY>
    <COSTCENTRE>0</COSTCENTRE>
    <GODOWN>0</GODOWN>
    <STOCKGROUP>0</STOCKGROUP>
    <STOCKCATEGORY>0</STOCKCATEGORY>
    <STOCKITEM>0</STOCKITEM>
    <VOUCHERTYPE>0</VOUCHERTYPE>
    <CURRENCY>0</CURRENCY>
    <UNIT>0</UNIT>
    <BUDGET>0</BUDGET>
    <CLIENTRULE>0</CLIENTRULE>
    <SERVERRULE>0</SERVERRULE>
    <STATE>0</STATE>
    <TDSRATE>0</TDSRATE>
    <TAXCLASSIFICATION>0</TAXCLASSIFICATION>
    <STCATEGORY>0</STCATEGORY>
    <DEDUCTEETYPE>0</DEDUCTEETYPE>
    <ATTENDANCETYPE>0</ATTENDANCETYPE>
    <FBTCATEGORY>0</FBTCATEGORY>
    <FBTASSESSEETYPE>0</FBTASSESSEETYPE>
    <TARIFFCLASSIFICATION>0</TARIFFCLASSIFICATION>
    <EXCISEDUTYCLASSIFICATION>0</EXCISEDUTYCLASSIFICATION>
    <SERIALNUMBER>0</SERIALNUMBER>
    <ADJUSTMENTCLASSIFICATION>0</ADJUSTMENTCLASSIFICATION>
    <INCOMETAXSLAB>0</INCOMETAXSLAB>
    <INCOMETAXCLASSIFICATION>0</INCOMETAXCLASSIFICATION>
    <VOUCHER>0</VOUCHER>
   </CMPINFO>
  </DESC>
 </BODY>
</ENVELOPE>



06/01/2012  09:53:23 AM
Error-->>TallySynchronizer.TallyException: <ENVELOPE>
 <HEADER>
  <VERSION>1</VERSION>
  <STATUS>1</STATUS>
 </HEADER>
 <BODY>
  <DATA>
   <IMPORTRESULT>
    <CREATED>0</CREATED>
    <ALTERED>1</ALTERED>
    <LASTVCHID>0</LASTVCHID>
    <LASTMID>0</LASTMID>
    <COMBINED>0</COMBINED>
    <IGNORED>0</IGNORED>
    <ERRORS>0</ERRORS>
   </IMPORTRESULT>
  </DATA>
  <DESC>
   <CMPINFO>
    <COMPANY>0</COMPANY>
    <GROUP>0</GROUP>
    <LEDGER>33</LEDGER>
    <COSTCATEGORY>0</COSTCATEGORY>
    <COSTCENTRE>0</COSTCENTRE>
    <GODOWN>0</GODOWN>
    <STOCKGROUP>0</STOCKGROUP>
    <STOCKCATEGORY>0</STOCKCATEGORY>
    <STOCKITEM>0</STOCKITEM>
    <VOUCHERTYPE>0</VOUCHERTYPE>
    <CURRENCY>0</CURRENCY>
    <UNIT>0</UNIT>
    <BUDGET>0</BUDGET>
    <CLIENTRULE>0</CLIENTRULE>
    <SERVERRULE>0</SERVERRULE>
    <STATE>0</STATE>
    <TDSRATE>0</TDSRATE>
    <TAXCLASSIFICATION>0</TAXCLASSIFICATION>
    <STCATEGORY>0</STCATEGORY>
    <DEDUCTEETYPE>0</DEDUCTEETYPE>
    <ATTENDANCETYPE>0</ATTENDANCETYPE>
    <FBTCATEGORY>0</FBTCATEGORY>
    <FBTASSESSEETYPE>0</FBTASSESSEETYPE>
    <TARIFFCLASSIFICATION>0</TARIFFCLASSIFICATION>
    <EXCISEDUTYCLASSIFICATION>0</EXCISEDUTYCLASSIFICATION>
    <SERIALNUMBER>0</SERIALNUMBER>
    <ADJUSTMENTCLASSIFICATION>0</ADJUSTMENTCLASSIFICATION>
    <INCOMETAXSLAB>0</INCOMETAXSLAB>
    <INCOMETAXCLASSIFICATION>0</INCOMETAXCLASSIFICATION>
    <VOUCHER>0</VOUCHER>
   </CMPINFO>
  </DESC>
 </BODY>
</ENVELOPE>

Response
<ENVELOPE><HEADER><VERSION>1</VERSION><TALLYREQUEST>Import</TALLYREQUEST><TYPE>Data</TYPE><ID>All Masters</ID></HEADER><BODY><DESC><STATICVARIABLES><SVCURRENTCOMPANY>CMS</SVCURRENTCOMPANY><IMPORTDUPS>@@DupIgnoreCombine</IMPORTDUPS></STATICVARIABLES></DESC><DATA><TALLYMESSAGE><LEDGER NAME="Hon-Member charges"><PARENT>Direct Incomes</PARENT><LANGUAGENAME.LIST><NAME.LIST TYPE="String"><NAME>Hon-Member charges</NAME><NAME>CSH</NAME></NAME.LIST></LANGUAGENAME.LIST></LEDGER></TALLYMESSAGE></DATA></BODY></ENVELOPE>
		Ledger Name : Hon-Member charges
Alias Name : CSH

 Request XML 
<ENVELOPE><HEADER><VERSION>1</VERSION><TALLYREQUEST>Import</TALLYREQUEST><TYPE>Data</TYPE><ID>All Masters</ID></HEADER><BODY><DESC><STATICVARIABLES><SVCURRENTCOMPANY>CMS</SVCURRENTCOMPANY><IMPORTDUPS>@@DupIgnoreCombine</IMPORTDUPS></STATICVARIABLES></DESC><DATA><TALLYMESSAGE><LEDGER NAME="Hon-Member charges"><PARENT>Direct Incomes</PARENT><LANGUAGENAME.LIST><NAME.LIST TYPE="String"><NAME>Hon-Member charges</NAME><NAME>CSH</NAME></NAME.LIST></LANGUAGENAME.LIST></LEDGER></TALLYMESSAGE></DATA></BODY></ENVELOPE>

 Response XML 
<ENVELOPE>
 <HEADER>
  <VERSION>1</VERSION>
  <STATUS>1</STATUS>
 </HEADER>
 <BODY>
  <DATA>
   <IMPORTRESULT>
    <CREATED>0</CREATED>
    <ALTERED>1</ALTERED>
    <LASTVCHID>0</LASTVCHID>
    <LASTMID>0</LASTMID>
    <COMBINED>0</COMBINED>
    <IGNORED>0</IGNORED>
    <ERRORS>0</ERRORS>
   </IMPORTRESULT>
  </DATA>
  <DESC>
   <CMPINFO>
    <COMPANY>0</COMPANY>
    <GROUP>0</GROUP>
    <LEDGER>33</LEDGER>
    <COSTCATEGORY>0</COSTCATEGORY>
    <COSTCENTRE>0</COSTCENTRE>
    <GODOWN>0</GODOWN>
    <STOCKGROUP>0</STOCKGROUP>
    <STOCKCATEGORY>0</STOCKCATEGORY>
    <STOCKITEM>0</STOCKITEM>
    <VOUCHERTYPE>0</VOUCHERTYPE>
    <CURRENCY>0</CURRENCY>
    <UNIT>0</UNIT>
    <BUDGET>0</BUDGET>
    <CLIENTRULE>0</CLIENTRULE>
    <SERVERRULE>0</SERVERRULE>
    <STATE>0</STATE>
    <TDSRATE>0</TDSRATE>
    <TAXCLASSIFICATION>0</TAXCLASSIFICATION>
    <STCATEGORY>0</STCATEGORY>
    <DEDUCTEETYPE>0</DEDUCTEETYPE>
    <ATTENDANCETYPE>0</ATTENDANCETYPE>
    <FBTCATEGORY>0</FBTCATEGORY>
    <FBTASSESSEETYPE>0</FBTASSESSEETYPE>
    <TARIFFCLASSIFICATION>0</TARIFFCLASSIFICATION>
    <EXCISEDUTYCLASSIFICATION>0</EXCISEDUTYCLASSIFICATION>
    <SERIALNUMBER>0</SERIALNUMBER>
    <ADJUSTMENTCLASSIFICATION>0</ADJUSTMENTCLASSIFICATION>
    <INCOMETAXSLAB>0</INCOMETAXSLAB>
    <INCOMETAXCLASSIFICATION>0</INCOMETAXCLASSIFICATION>
    <VOUCHER>0</VOUCHER>
   </CMPINFO>
  </DESC>
 </BODY>
</ENVELOPE>





06/01/2012  09:53:24 AM
Error-->>TallySynchronizer.TallyException: <ENVELOPE>
 <HEADER>
  <VERSION>1</VERSION>
  <STATUS>1</STATUS>
 </HEADER>
 <BODY>
  <DATA>
   <IMPORTRESULT>
    <CREATED>0</CREATED>
    <ALTERED>1</ALTERED>
    <LASTVCHID>0</LASTVCHID>
    <LASTMID>0</LASTMID>
    <COMBINED>0</COMBINED>
    <IGNORED>0</IGNORED>
    <ERRORS>0</ERRORS>
   </IMPORTRESULT>
  </DATA>
  <DESC>
   <CMPINFO>
    <COMPANY>0</COMPANY>
    <GROUP>0</GROUP>
    <LEDGER>34</LEDGER>
    <COSTCATEGORY>0</COSTCATEGORY>
    <COSTCENTRE>0</COSTCENTRE>
    <GODOWN>0</GODOWN>
    <STOCKGROUP>0</STOCKGROUP>
    <STOCKCATEGORY>0</STOCKCATEGORY>
    <STOCKITEM>0</STOCKITEM>
    <VOUCHERTYPE>0</VOUCHERTYPE>
    <CURRENCY>0</CURRENCY>
    <UNIT>0</UNIT>
    <BUDGET>0</BUDGET>
    <CLIENTRULE>0</CLIENTRULE>
    <SERVERRULE>0</SERVERRULE>
    <STATE>0</STATE>
    <TDSRATE>0</TDSRATE>
    <TAXCLASSIFICATION>0</TAXCLASSIFICATION>
    <STCATEGORY>0</STCATEGORY>
    <DEDUCTEETYPE>0</DEDUCTEETYPE>
    <ATTENDANCETYPE>0</ATTENDANCETYPE>
    <FBTCATEGORY>0</FBTCATEGORY>
    <FBTASSESSEETYPE>0</FBTASSESSEETYPE>
    <TARIFFCLASSIFICATION>0</TARIFFCLASSIFICATION>
    <EXCISEDUTYCLASSIFICATION>0</EXCISEDUTYCLASSIFICATION>
    <SERIALNUMBER>0</SERIALNUMBER>
    <ADJUSTMENTCLASSIFICATION>0</ADJUSTMENTCLASSIFICATION>
    <INCOMETAXSLAB>0</INCOMETAXSLAB>
    <INCOMETAXCLASSIFICATION>0</INCOMETAXCLASSIFICATION>
    <VOUCHER>0</VOUCHER>
   </CMPINFO>
  </DESC>
 </BODY>
</ENVELOPE>

Response
<ENVELOPE><HEADER><VERSION>1</VERSION><TALLYREQUEST>Import</TALLYREQUEST><TYPE>Data</TYPE><ID>All Masters</ID></HEADER><BODY><DESC><STATICVARIABLES><SVCURRENTCOMPANY>CMS</SVCURRENTCOMPANY><IMPORTDUPS>@@DupIgnoreCombine</IMPORTDUPS></STATICVARIABLES></DESC><DATA><TALLYMESSAGE><LEDGER NAME="Service Tax@10%"><PARENT>Direct Incomes</PARENT><LANGUAGENAME.LIST><NAME.LIST TYPE="String"><NAME>Service Tax@10%</NAME><NAME>SRV</NAME></NAME.LIST></LANGUAGENAME.LIST></LEDGER></TALLYMESSAGE></DATA></BODY></ENVELOPE>
		Ledger Name : Service Tax@10%
Alias Name : SRV

 Request XML 
<ENVELOPE><HEADER><VERSION>1</VERSION><TALLYREQUEST>Import</TALLYREQUEST><TYPE>Data</TYPE><ID>All Masters</ID></HEADER><BODY><DESC><STATICVARIABLES><SVCURRENTCOMPANY>CMS</SVCURRENTCOMPANY><IMPORTDUPS>@@DupIgnoreCombine</IMPORTDUPS></STATICVARIABLES></DESC><DATA><TALLYMESSAGE><LEDGER NAME="Service Tax@10%"><PARENT>Direct Incomes</PARENT><LANGUAGENAME.LIST><NAME.LIST TYPE="String"><NAME>Service Tax@10%</NAME><NAME>SRV</NAME></NAME.LIST></LANGUAGENAME.LIST></LEDGER></TALLYMESSAGE></DATA></BODY></ENVELOPE>

 Response XML 
<ENVELOPE>
 <HEADER>
  <VERSION>1</VERSION>
  <STATUS>1</STATUS>
 </HEADER>
 <BODY>
  <DATA>
   <IMPORTRESULT>
    <CREATED>0</CREATED>
    <ALTERED>1</ALTERED>
    <LASTVCHID>0</LASTVCHID>
    <LASTMID>0</LASTMID>
    <COMBINED>0</COMBINED>
    <IGNORED>0</IGNORED>
    <ERRORS>0</ERRORS>
   </IMPORTRESULT>
  </DATA>
  <DESC>
   <CMPINFO>
    <COMPANY>0</COMPANY>
    <GROUP>0</GROUP>
    <LEDGER>34</LEDGER>
    <COSTCATEGORY>0</COSTCATEGORY>
    <COSTCENTRE>0</COSTCENTRE>
    <GODOWN>0</GODOWN>
    <STOCKGROUP>0</STOCKGROUP>
    <STOCKCATEGORY>0</STOCKCATEGORY>
    <STOCKITEM>0</STOCKITEM>
    <VOUCHERTYPE>0</VOUCHERTYPE>
    <CURRENCY>0</CURRENCY>
    <UNIT>0</UNIT>
    <BUDGET>0</BUDGET>
    <CLIENTRULE>0</CLIENTRULE>
    <SERVERRULE>0</SERVERRULE>
    <STATE>0</STATE>
    <TDSRATE>0</TDSRATE>
    <TAXCLASSIFICATION>0</TAXCLASSIFICATION>
    <STCATEGORY>0</STCATEGORY>
    <DEDUCTEETYPE>0</DEDUCTEETYPE>
    <ATTENDANCETYPE>0</ATTENDANCETYPE>
    <FBTCATEGORY>0</FBTCATEGORY>
    <FBTASSESSEETYPE>0</FBTASSESSEETYPE>
    <TARIFFCLASSIFICATION>0</TARIFFCLASSIFICATION>
    <EXCISEDUTYCLASSIFICATION>0</EXCISEDUTYCLASSIFICATION>
    <SERIALNUMBER>0</SERIALNUMBER>
    <ADJUSTMENTCLASSIFICATION>0</ADJUSTMENTCLASSIFICATION>
    <INCOMETAXSLAB>0</INCOMETAXSLAB>
    <INCOMETAXCLASSIFICATION>0</INCOMETAXCLASSIFICATION>
    <VOUCHER>0</VOUCHER>
   </CMPINFO>
  </DESC>
 </BODY>
</ENVELOPE>





06/01/2012  09:53:24 AM
Error-->>TallySynchronizer.TallyException: <ENVELOPE>
 <HEADER>
  <VERSION>1</VERSION>
  <STATUS>0</STATUS>
 </HEADER>
 <BODY>
  <DATA>
   <LINEERROR>Duplicate Entry!</LINEERROR>
   <CREATED>0</CREATED>
   <ALTERED>0</ALTERED>
   <LASTVCHID>0</LASTVCHID>
   <LASTMID>0</LASTMID>
   <COMBINED>0</COMBINED>
   <IGNORED>0</IGNORED>
   <ERRORS>1</ERRORS>
  </DATA>
  <DESC>
   <CMPINFO>
    <COMPANY>0</COMPANY>
    <GROUP>0</GROUP>
    <LEDGER>34</LEDGER>
    <COSTCATEGORY>0</COSTCATEGORY>
    <COSTCENTRE>0</COSTCENTRE>
    <GODOWN>0</GODOWN>
    <STOCKGROUP>0</STOCKGROUP>
    <STOCKCATEGORY>0</STOCKCATEGORY>
    <STOCKITEM>0</STOCKITEM>
    <VOUCHERTYPE>0</VOUCHERTYPE>
    <CURRENCY>0</CURRENCY>
    <UNIT>0</UNIT>
    <BUDGET>0</BUDGET>
    <CLIENTRULE>0</CLIENTRULE>
    <SERVERRULE>0</SERVERRULE>
    <STATE>0</STATE>
    <TDSRATE>0</TDSRATE>
    <TAXCLASSIFICATION>0</TAXCLASSIFICATION>
    <STCATEGORY>0</STCATEGORY>
    <DEDUCTEETYPE>0</DEDUCTEETYPE>
    <ATTENDANCETYPE>0</ATTENDANCETYPE>
    <FBTCATEGORY>0</FBTCATEGORY>
    <FBTASSESSEETYPE>0</FBTASSESSEETYPE>
    <TARIFFCLASSIFICATION>0</TARIFFCLASSIFICATION>
    <EXCISEDUTYCLASSIFICATION>0</EXCISEDUTYCLASSIFICATION>
    <SERIALNUMBER>0</SERIALNUMBER>
    <ADJUSTMENTCLASSIFICATION>0</ADJUSTMENTCLASSIFICATION>
    <INCOMETAXSLAB>0</INCOMETAXSLAB>
    <INCOMETAXCLASSIFICATION>0</INCOMETAXCLASSIFICATION>
    <VOUCHER>0</VOUCHER>
   </CMPINFO>
  </DESC>
 </BODY>
</ENVELOPE>

Response
<ENVELOPE><HEADER><VERSION>1</VERSION><TALLYREQUEST>Import</TALLYREQUEST><TYPE>Data</TYPE><ID>All Masters</ID></HEADER><BODY><DESC><STATICVARIABLES><SVCURRENTCOMPANY>CMS</SVCURRENTCOMPANY><IMPORTDUPS>@@DupIgnoreCombine</IMPORTDUPS></STATICVARIABLES></DESC><DATA><TALLYMESSAGE><LEDGER NAME="Green Fees"><PARENT>Direct Incomes</PARENT><LANGUAGENAME.LIST><NAME.LIST TYPE="String"><NAME>Green Fees</NAME><NAME>Green Fees</NAME></NAME.LIST></LANGUAGENAME.LIST></LEDGER></TALLYMESSAGE></DATA></BODY></ENVELOPE>
		Ledger Name : Green Fees
Alias Name : Green Fees

 Request XML 
<ENVELOPE><HEADER><VERSION>1</VERSION><TALLYREQUEST>Import</TALLYREQUEST><TYPE>Data</TYPE><ID>All Masters</ID></HEADER><BODY><DESC><STATICVARIABLES><SVCURRENTCOMPANY>CMS</SVCURRENTCOMPANY><IMPORTDUPS>@@DupIgnoreCombine</IMPORTDUPS></STATICVARIABLES></DESC><DATA><TALLYMESSAGE><LEDGER NAME="Green Fees"><PARENT>Direct Incomes</PARENT><LANGUAGENAME.LIST><NAME.LIST TYPE="String"><NAME>Green Fees</NAME><NAME>Green Fees</NAME></NAME.LIST></LANGUAGENAME.LIST></LEDGER></TALLYMESSAGE></DATA></BODY></ENVELOPE>

 Response XML 
<ENVELOPE>
 <HEADER>
  <VERSION>1</VERSION>
  <STATUS>0</STATUS>
 </HEADER>
 <BODY>
  <DATA>
   <LINEERROR>Duplicate Entry!</LINEERROR>
   <CREATED>0</CREATED>
   <ALTERED>0</ALTERED>
   <LASTVCHID>0</LASTVCHID>
   <LASTMID>0</LASTMID>
   <COMBINED>0</COMBINED>
   <IGNORED>0</IGNORED>
   <ERRORS>1</ERRORS>
  </DATA>
  <DESC>
   <CMPINFO>
    <COMPANY>0</COMPANY>
    <GROUP>0</GROUP>
    <LEDGER>34</LEDGER>
    <COSTCATEGORY>0</COSTCATEGORY>
    <COSTCENTRE>0</COSTCENTRE>
    <GODOWN>0</GODOWN>
    <STOCKGROUP>0</STOCKGROUP>
    <STOCKCATEGORY>0</STOCKCATEGORY>
    <STOCKITEM>0</STOCKITEM>
    <VOUCHERTYPE>0</VOUCHERTYPE>
    <CURRENCY>0</CURRENCY>
    <UNIT>0</UNIT>
    <BUDGET>0</BUDGET>
    <CLIENTRULE>0</CLIENTRULE>
    <SERVERRULE>0</SERVERRULE>
    <STATE>0</STATE>
    <TDSRATE>0</TDSRATE>
    <TAXCLASSIFICATION>0</TAXCLASSIFICATION>
    <STCATEGORY>0</STCATEGORY>
    <DEDUCTEETYPE>0</DEDUCTEETYPE>
    <ATTENDANCETYPE>0</ATTENDANCETYPE>
    <FBTCATEGORY>0</FBTCATEGORY>
    <FBTASSESSEETYPE>0</FBTASSESSEETYPE>
    <TARIFFCLASSIFICATION>0</TARIFFCLASSIFICATION>
    <EXCISEDUTYCLASSIFICATION>0</EXCISEDUTYCLASSIFICATION>
    <SERIALNUMBER>0</SERIALNUMBER>
    <ADJUSTMENTCLASSIFICATION>0</ADJUSTMENTCLASSIFICATION>
    <INCOMETAXSLAB>0</INCOMETAXSLAB>
    <INCOMETAXCLASSIFICATION>0</INCOMETAXCLASSIFICATION>
    <VOUCHER>0</VOUCHER>
   </CMPINFO>
  </DESC>
 </BODY>
</ENVELOPE>





06/01/2012  09:53:24 AM
Error-->>TallySynchronizer.TallyException: Ledger Not Found
		

Request 
<ENVELOPE>
<HEADER>
<VERSION>1</VERSION>
<TALLYREQUEST>Import</TALLYREQUEST>
<TYPE>Data</TYPE>
<ID>All Masters</ID>
</HEADER>
<BODY>
<DESC>
<STATICVARIABLES>
<SVCURRENTCOMPANY>CMS</SVCURRENTCOMPANY>
<IMPORTDUPS>@@DupIgnoreCombine</IMPORTDUPS>
</STATICVARIABLES>
</DESC>
<DATA>
<TALLYMESSAGE>
<VOUCHER DATE="20120105" TAGNAME = "Reference" TAGVALUE="149PAY" Action="Alter">
<DATE>20120105</DATE>
<NARRATION>[149PAY][172] ToWards : ledger cheq Cheque : [State Bank of India/BTM layout/55555]</NARRATION>
<VOUCHERTYPENAME>Receipt</VOUCHERTYPENAME>
<VOUCHERNUMBER>149PAY</VOUCHERNUMBER>
<REFERENCE>149PAY</REFERENCE>
<ALLLEDGERENTRIES.LIST>
<LEDGERNAME>CSH</LEDGERNAME>
<ISDEEMEDPOSITIVE>No</ISDEEMEDPOSITIVE>
<AMOUNT>1200</AMOUNT>
</ALLLEDGERENTRIES.LIST>
<ALLLEDGERENTRIES.LIST>
<LEDGERNAME>SRV</LEDGERNAME>
<ISDEEMEDPOSITIVE>Yes</ISDEEMEDPOSITIVE>
<AMOUNT>-600</AMOUNT>
</ALLLEDGERENTRIES.LIST>
<ALLLEDGERENTRIES.LIST>
<LEDGERNAME>Green Fees</LEDGERNAME>
<ISDEEMEDPOSITIVE>Yes</ISDEEMEDPOSITIVE>
<AMOUNT>-600</AMOUNT>
</ALLLEDGERENTRIES.LIST>

</VOUCHER>
</TALLYMESSAGE>
</DATA>
</BODY>
</ENVELOPE>

Response 
<ENVELOPE>
 <HEADER>
  <VERSION>1</VERSION>
  <STATUS>0</STATUS>
 </HEADER>
 <BODY>
  <DATA>
   <LINEERROR>Ledger &apos;Green Fees&apos; does not exist!</LINEERROR>
   <CREATED>0</CREATED>
   <ALTERED>0</ALTERED>
   <LASTVCHID>0</LASTVCHID>
   <LASTMID>0</LASTMID>
   <COMBINED>0</COMBINED>
   <IGNORED>0</IGNORED>
   <ERRORS>1</ERRORS>
  </DATA>
  <DESC>
   <CMPINFO>
    <COMPANY>0</COMPANY>
    <GROUP>0</GROUP>
    <LEDGER>34</LEDGER>
    <COSTCATEGORY>0</COSTCATEGORY>
    <COSTCENTRE>0</COSTCENTRE>
    <GODOWN>0</GODOWN>
    <STOCKGROUP>0</STOCKGROUP>
    <STOCKCATEGORY>0</STOCKCATEGORY>
    <STOCKITEM>0</STOCKITEM>
    <VOUCHERTYPE>0</VOUCHERTYPE>
    <CURRENCY>0</CURRENCY>
    <UNIT>0</UNIT>
    <BUDGET>0</BUDGET>
    <CLIENTRULE>0</CLIENTRULE>
    <SERVERRULE>0</SERVERRULE>
    <STATE>0</STATE>
    <TDSRATE>0</TDSRATE>
    <TAXCLASSIFICATION>0</TAXCLASSIFICATION>
    <STCATEGORY>0</STCATEGORY>
    <DEDUCTEETYPE>0</DEDUCTEETYPE>
    <ATTENDANCETYPE>0</ATTENDANCETYPE>
    <FBTCATEGORY>0</FBTCATEGORY>
    <FBTASSESSEETYPE>0</FBTASSESSEETYPE>
    <TARIFFCLASSIFICATION>0</TARIFFCLASSIFICATION>
    <EXCISEDUTYCLASSIFICATION>0</EXCISEDUTYCLASSIFICATION>
    <SERIALNUMBER>0</SERIALNUMBER>
    <ADJUSTMENTCLASSIFICATION>0</ADJUSTMENTCLASSIFICATION>
    <INCOMETAXSLAB>0</INCOMETAXSLAB>
    <INCOMETAXCLASSIFICATION>0</INCOMETAXCLASSIFICATION>
    <VOUCHER>0</VOUCHER>
   </CMPINFO>
  </DESC>
 </BODY>
</ENVELOPE>



06/01/2012  09:53:25 AM
Error-->>TallySynchronizer.TallyException: <ENVELOPE>
 <HEADER>
  <VERSION>1</VERSION>
  <STATUS>1</STATUS>
 </HEADER>
 <BODY>
  <DATA>
   <IMPORTRESULT>
    <CREATED>0</CREATED>
    <ALTERED>1</ALTERED>
    <LASTVCHID>0</LASTVCHID>
    <LASTMID>0</LASTMID>
    <COMBINED>0</COMBINED>
    <IGNORED>0</IGNORED>
    <ERRORS>0</ERRORS>
   </IMPORTRESULT>
  </DATA>
  <DESC>
   <CMPINFO>
    <COMPANY>0</COMPANY>
    <GROUP>0</GROUP>
    <LEDGER>35</LEDGER>
    <COSTCATEGORY>0</COSTCATEGORY>
    <COSTCENTRE>0</COSTCENTRE>
    <GODOWN>0</GODOWN>
    <STOCKGROUP>0</STOCKGROUP>
    <STOCKCATEGORY>0</STOCKCATEGORY>
    <STOCKITEM>0</STOCKITEM>
    <VOUCHERTYPE>0</VOUCHERTYPE>
    <CURRENCY>0</CURRENCY>
    <UNIT>0</UNIT>
    <BUDGET>0</BUDGET>
    <CLIENTRULE>0</CLIENTRULE>
    <SERVERRULE>0</SERVERRULE>
    <STATE>0</STATE>
    <TDSRATE>0</TDSRATE>
    <TAXCLASSIFICATION>0</TAXCLASSIFICATION>
    <STCATEGORY>0</STCATEGORY>
    <DEDUCTEETYPE>0</DEDUCTEETYPE>
    <ATTENDANCETYPE>0</ATTENDANCETYPE>
    <FBTCATEGORY>0</FBTCATEGORY>
    <FBTASSESSEETYPE>0</FBTASSESSEETYPE>
    <TARIFFCLASSIFICATION>0</TARIFFCLASSIFICATION>
    <EXCISEDUTYCLASSIFICATION>0</EXCISEDUTYCLASSIFICATION>
    <SERIALNUMBER>0</SERIALNUMBER>
    <ADJUSTMENTCLASSIFICATION>0</ADJUSTMENTCLASSIFICATION>
    <INCOMETAXSLAB>0</INCOMETAXSLAB>
    <INCOMETAXCLASSIFICATION>0</INCOMETAXCLASSIFICATION>
    <VOUCHER>0</VOUCHER>
   </CMPINFO>
  </DESC>
 </BODY>
</ENVELOPE>

Response
<ENVELOPE><HEADER><VERSION>1</VERSION><TALLYREQUEST>Import</TALLYREQUEST><TYPE>Data</TYPE><ID>All Masters</ID></HEADER><BODY><DESC><STATICVARIABLES><SVCURRENTCOMPANY>CMS</SVCURRENTCOMPANY><IMPORTDUPS>@@DupIgnoreCombine</IMPORTDUPS></STATICVARIABLES></DESC><DATA><TALLYMESSAGE><LEDGER NAME="Hon-Member charges"><PARENT>Direct Incomes</PARENT><LANGUAGENAME.LIST><NAME.LIST TYPE="String"><NAME>Hon-Member charges</NAME><NAME>CSH</NAME></NAME.LIST></LANGUAGENAME.LIST></LEDGER></TALLYMESSAGE></DATA></BODY></ENVELOPE>
		Ledger Name : Hon-Member charges
Alias Name : CSH

 Request XML 
<ENVELOPE><HEADER><VERSION>1</VERSION><TALLYREQUEST>Import</TALLYREQUEST><TYPE>Data</TYPE><ID>All Masters</ID></HEADER><BODY><DESC><STATICVARIABLES><SVCURRENTCOMPANY>CMS</SVCURRENTCOMPANY><IMPORTDUPS>@@DupIgnoreCombine</IMPORTDUPS></STATICVARIABLES></DESC><DATA><TALLYMESSAGE><LEDGER NAME="Hon-Member charges"><PARENT>Direct Incomes</PARENT><LANGUAGENAME.LIST><NAME.LIST TYPE="String"><NAME>Hon-Member charges</NAME><NAME>CSH</NAME></NAME.LIST></LANGUAGENAME.LIST></LEDGER></TALLYMESSAGE></DATA></BODY></ENVELOPE>

 Response XML 
<ENVELOPE>
 <HEADER>
  <VERSION>1</VERSION>
  <STATUS>1</STATUS>
 </HEADER>
 <BODY>
  <DATA>
   <IMPORTRESULT>
    <CREATED>0</CREATED>
    <ALTERED>1</ALTERED>
    <LASTVCHID>0</LASTVCHID>
    <LASTMID>0</LASTMID>
    <COMBINED>0</COMBINED>
    <IGNORED>0</IGNORED>
    <ERRORS>0</ERRORS>
   </IMPORTRESULT>
  </DATA>
  <DESC>
   <CMPINFO>
    <COMPANY>0</COMPANY>
    <GROUP>0</GROUP>
    <LEDGER>35</LEDGER>
    <COSTCATEGORY>0</COSTCATEGORY>
    <COSTCENTRE>0</COSTCENTRE>
    <GODOWN>0</GODOWN>
    <STOCKGROUP>0</STOCKGROUP>
    <STOCKCATEGORY>0</STOCKCATEGORY>
    <STOCKITEM>0</STOCKITEM>
    <VOUCHERTYPE>0</VOUCHERTYPE>
    <CURRENCY>0</CURRENCY>
    <UNIT>0</UNIT>
    <BUDGET>0</BUDGET>
    <CLIENTRULE>0</CLIENTRULE>
    <SERVERRULE>0</SERVERRULE>
    <STATE>0</STATE>
    <TDSRATE>0</TDSRATE>
    <TAXCLASSIFICATION>0</TAXCLASSIFICATION>
    <STCATEGORY>0</STCATEGORY>
    <DEDUCTEETYPE>0</DEDUCTEETYPE>
    <ATTENDANCETYPE>0</ATTENDANCETYPE>
    <FBTCATEGORY>0</FBTCATEGORY>
    <FBTASSESSEETYPE>0</FBTASSESSEETYPE>
    <TARIFFCLASSIFICATION>0</TARIFFCLASSIFICATION>
    <EXCISEDUTYCLASSIFICATION>0</EXCISEDUTYCLASSIFICATION>
    <SERIALNUMBER>0</SERIALNUMBER>
    <ADJUSTMENTCLASSIFICATION>0</ADJUSTMENTCLASSIFICATION>
    <INCOMETAXSLAB>0</INCOMETAXSLAB>
    <INCOMETAXCLASSIFICATION>0</INCOMETAXCLASSIFICATION>
    <VOUCHER>0</VOUCHER>
   </CMPINFO>
  </DESC>
 </BODY>
</ENVELOPE>





06/01/2012  09:53:25 AM
Error-->>TallySynchronizer.TallyException: <ENVELOPE>
 <HEADER>
  <VERSION>1</VERSION>
  <STATUS>1</STATUS>
 </HEADER>
 <BODY>
  <DATA>
   <IMPORTRESULT>
    <CREATED>0</CREATED>
    <ALTERED>1</ALTERED>
    <LASTVCHID>0</LASTVCHID>
    <LASTMID>0</LASTMID>
    <COMBINED>0</COMBINED>
    <IGNORED>0</IGNORED>
    <ERRORS>0</ERRORS>
   </IMPORTRESULT>
  </DATA>
  <DESC>
   <CMPINFO>
    <COMPANY>0</COMPANY>
    <GROUP>0</GROUP>
    <LEDGER>36</LEDGER>
    <COSTCATEGORY>0</COSTCATEGORY>
    <COSTCENTRE>0</COSTCENTRE>
    <GODOWN>0</GODOWN>
    <STOCKGROUP>0</STOCKGROUP>
    <STOCKCATEGORY>0</STOCKCATEGORY>
    <STOCKITEM>0</STOCKITEM>
    <VOUCHERTYPE>0</VOUCHERTYPE>
    <CURRENCY>0</CURRENCY>
    <UNIT>0</UNIT>
    <BUDGET>0</BUDGET>
    <CLIENTRULE>0</CLIENTRULE>
    <SERVERRULE>0</SERVERRULE>
    <STATE>0</STATE>
    <TDSRATE>0</TDSRATE>
    <TAXCLASSIFICATION>0</TAXCLASSIFICATION>
    <STCATEGORY>0</STCATEGORY>
    <DEDUCTEETYPE>0</DEDUCTEETYPE>
    <ATTENDANCETYPE>0</ATTENDANCETYPE>
    <FBTCATEGORY>0</FBTCATEGORY>
    <FBTASSESSEETYPE>0</FBTASSESSEETYPE>
    <TARIFFCLASSIFICATION>0</TARIFFCLASSIFICATION>
    <EXCISEDUTYCLASSIFICATION>0</EXCISEDUTYCLASSIFICATION>
    <SERIALNUMBER>0</SERIALNUMBER>
    <ADJUSTMENTCLASSIFICATION>0</ADJUSTMENTCLASSIFICATION>
    <INCOMETAXSLAB>0</INCOMETAXSLAB>
    <INCOMETAXCLASSIFICATION>0</INCOMETAXCLASSIFICATION>
    <VOUCHER>0</VOUCHER>
   </CMPINFO>
  </DESC>
 </BODY>
</ENVELOPE>

Response
<ENVELOPE><HEADER><VERSION>1</VERSION><TALLYREQUEST>Import</TALLYREQUEST><TYPE>Data</TYPE><ID>All Masters</ID></HEADER><BODY><DESC><STATICVARIABLES><SVCURRENTCOMPANY>CMS</SVCURRENTCOMPANY><IMPORTDUPS>@@DupIgnoreCombine</IMPORTDUPS></STATICVARIABLES></DESC><DATA><TALLYMESSAGE><LEDGER NAME="Service Tax@10%"><PARENT>Direct Incomes</PARENT><LANGUAGENAME.LIST><NAME.LIST TYPE="String"><NAME>Service Tax@10%</NAME><NAME>SRV</NAME></NAME.LIST></LANGUAGENAME.LIST></LEDGER></TALLYMESSAGE></DATA></BODY></ENVELOPE>
		Ledger Name : Service Tax@10%
Alias Name : SRV

 Request XML 
<ENVELOPE><HEADER><VERSION>1</VERSION><TALLYREQUEST>Import</TALLYREQUEST><TYPE>Data</TYPE><ID>All Masters</ID></HEADER><BODY><DESC><STATICVARIABLES><SVCURRENTCOMPANY>CMS</SVCURRENTCOMPANY><IMPORTDUPS>@@DupIgnoreCombine</IMPORTDUPS></STATICVARIABLES></DESC><DATA><TALLYMESSAGE><LEDGER NAME="Service Tax@10%"><PARENT>Direct Incomes</PARENT><LANGUAGENAME.LIST><NAME.LIST TYPE="String"><NAME>Service Tax@10%</NAME><NAME>SRV</NAME></NAME.LIST></LANGUAGENAME.LIST></LEDGER></TALLYMESSAGE></DATA></BODY></ENVELOPE>

 Response XML 
<ENVELOPE>
 <HEADER>
  <VERSION>1</VERSION>
  <STATUS>1</STATUS>
 </HEADER>
 <BODY>
  <DATA>
   <IMPORTRESULT>
    <CREATED>0</CREATED>
    <ALTERED>1</ALTERED>
    <LASTVCHID>0</LASTVCHID>
    <LASTMID>0</LASTMID>
    <COMBINED>0</COMBINED>
    <IGNORED>0</IGNORED>
    <ERRORS>0</ERRORS>
   </IMPORTRESULT>
  </DATA>
  <DESC>
   <CMPINFO>
    <COMPANY>0</COMPANY>
    <GROUP>0</GROUP>
    <LEDGER>36</LEDGER>
    <COSTCATEGORY>0</COSTCATEGORY>
    <COSTCENTRE>0</COSTCENTRE>
    <GODOWN>0</GODOWN>
    <STOCKGROUP>0</STOCKGROUP>
    <STOCKCATEGORY>0</STOCKCATEGORY>
    <STOCKITEM>0</STOCKITEM>
    <VOUCHERTYPE>0</VOUCHERTYPE>
    <CURRENCY>0</CURRENCY>
    <UNIT>0</UNIT>
    <BUDGET>0</BUDGET>
    <CLIENTRULE>0</CLIENTRULE>
    <SERVERRULE>0</SERVERRULE>
    <STATE>0</STATE>
    <TDSRATE>0</TDSRATE>
    <TAXCLASSIFICATION>0</TAXCLASSIFICATION>
    <STCATEGORY>0</STCATEGORY>
    <DEDUCTEETYPE>0</DEDUCTEETYPE>
    <ATTENDANCETYPE>0</ATTENDANCETYPE>
    <FBTCATEGORY>0</FBTCATEGORY>
    <FBTASSESSEETYPE>0</FBTASSESSEETYPE>
    <TARIFFCLASSIFICATION>0</TARIFFCLASSIFICATION>
    <EXCISEDUTYCLASSIFICATION>0</EXCISEDUTYCLASSIFICATION>
    <SERIALNUMBER>0</SERIALNUMBER>
    <ADJUSTMENTCLASSIFICATION>0</ADJUSTMENTCLASSIFICATION>
    <INCOMETAXSLAB>0</INCOMETAXSLAB>
    <INCOMETAXCLASSIFICATION>0</INCOMETAXCLASSIFICATION>
    <VOUCHER>0</VOUCHER>
   </CMPINFO>
  </DESC>
 </BODY>
</ENVELOPE>





06/01/2012  09:53:26 AM
Error-->>TallySynchronizer.TallyException: <ENVELOPE>
 <HEADER>
  <VERSION>1</VERSION>
  <STATUS>0</STATUS>
 </HEADER>
 <BODY>
  <DATA>
   <LINEERROR>Duplicate Entry!</LINEERROR>
   <CREATED>0</CREATED>
   <ALTERED>0</ALTERED>
   <LASTVCHID>0</LASTVCHID>
   <LASTMID>0</LASTMID>
   <COMBINED>0</COMBINED>
   <IGNORED>0</IGNORED>
   <ERRORS>1</ERRORS>
  </DATA>
  <DESC>
   <CMPINFO>
    <COMPANY>0</COMPANY>
    <GROUP>0</GROUP>
    <LEDGER>36</LEDGER>
    <COSTCATEGORY>0</COSTCATEGORY>
    <COSTCENTRE>0</COSTCENTRE>
    <GODOWN>0</GODOWN>
    <STOCKGROUP>0</STOCKGROUP>
    <STOCKCATEGORY>0</STOCKCATEGORY>
    <STOCKITEM>0</STOCKITEM>
    <VOUCHERTYPE>0</VOUCHERTYPE>
    <CURRENCY>0</CURRENCY>
    <UNIT>0</UNIT>
    <BUDGET>0</BUDGET>
    <CLIENTRULE>0</CLIENTRULE>
    <SERVERRULE>0</SERVERRULE>
    <STATE>0</STATE>
    <TDSRATE>0</TDSRATE>
    <TAXCLASSIFICATION>0</TAXCLASSIFICATION>
    <STCATEGORY>0</STCATEGORY>
    <DEDUCTEETYPE>0</DEDUCTEETYPE>
    <ATTENDANCETYPE>0</ATTENDANCETYPE>
    <FBTCATEGORY>0</FBTCATEGORY>
    <FBTASSESSEETYPE>0</FBTASSESSEETYPE>
    <TARIFFCLASSIFICATION>0</TARIFFCLASSIFICATION>
    <EXCISEDUTYCLASSIFICATION>0</EXCISEDUTYCLASSIFICATION>
    <SERIALNUMBER>0</SERIALNUMBER>
    <ADJUSTMENTCLASSIFICATION>0</ADJUSTMENTCLASSIFICATION>
    <INCOMETAXSLAB>0</INCOMETAXSLAB>
    <INCOMETAXCLASSIFICATION>0</INCOMETAXCLASSIFICATION>
    <VOUCHER>0</VOUCHER>
   </CMPINFO>
  </DESC>
 </BODY>
</ENVELOPE>

Response
<ENVELOPE><HEADER><VERSION>1</VERSION><TALLYREQUEST>Import</TALLYREQUEST><TYPE>Data</TYPE><ID>All Masters</ID></HEADER><BODY><DESC><STATICVARIABLES><SVCURRENTCOMPANY>CMS</SVCURRENTCOMPANY><IMPORTDUPS>@@DupIgnoreCombine</IMPORTDUPS></STATICVARIABLES></DESC><DATA><TALLYMESSAGE><LEDGER NAME="Green Fees"><PARENT>Direct Incomes</PARENT><LANGUAGENAME.LIST><NAME.LIST TYPE="String"><NAME>Green Fees</NAME><NAME>Green Fees</NAME></NAME.LIST></LANGUAGENAME.LIST></LEDGER></TALLYMESSAGE></DATA></BODY></ENVELOPE>
		Ledger Name : Green Fees
Alias Name : Green Fees

 Request XML 
<ENVELOPE><HEADER><VERSION>1</VERSION><TALLYREQUEST>Import</TALLYREQUEST><TYPE>Data</TYPE><ID>All Masters</ID></HEADER><BODY><DESC><STATICVARIABLES><SVCURRENTCOMPANY>CMS</SVCURRENTCOMPANY><IMPORTDUPS>@@DupIgnoreCombine</IMPORTDUPS></STATICVARIABLES></DESC><DATA><TALLYMESSAGE><LEDGER NAME="Green Fees"><PARENT>Direct Incomes</PARENT><LANGUAGENAME.LIST><NAME.LIST TYPE="String"><NAME>Green Fees</NAME><NAME>Green Fees</NAME></NAME.LIST></LANGUAGENAME.LIST></LEDGER></TALLYMESSAGE></DATA></BODY></ENVELOPE>

 Response XML 
<ENVELOPE>
 <HEADER>
  <VERSION>1</VERSION>
  <STATUS>0</STATUS>
 </HEADER>
 <BODY>
  <DATA>
   <LINEERROR>Duplicate Entry!</LINEERROR>
   <CREATED>0</CREATED>
   <ALTERED>0</ALTERED>
   <LASTVCHID>0</LASTVCHID>
   <LASTMID>0</LASTMID>
   <COMBINED>0</COMBINED>
   <IGNORED>0</IGNORED>
   <ERRORS>1</ERRORS>
  </DATA>
  <DESC>
   <CMPINFO>
    <COMPANY>0</COMPANY>
    <GROUP>0</GROUP>
    <LEDGER>36</LEDGER>
    <COSTCATEGORY>0</COSTCATEGORY>
    <COSTCENTRE>0</COSTCENTRE>
    <GODOWN>0</GODOWN>
    <STOCKGROUP>0</STOCKGROUP>
    <STOCKCATEGORY>0</STOCKCATEGORY>
    <STOCKITEM>0</STOCKITEM>
    <VOUCHERTYPE>0</VOUCHERTYPE>
    <CURRENCY>0</CURRENCY>
    <UNIT>0</UNIT>
    <BUDGET>0</BUDGET>
    <CLIENTRULE>0</CLIENTRULE>
    <SERVERRULE>0</SERVERRULE>
    <STATE>0</STATE>
    <TDSRATE>0</TDSRATE>
    <TAXCLASSIFICATION>0</TAXCLASSIFICATION>
    <STCATEGORY>0</STCATEGORY>
    <DEDUCTEETYPE>0</DEDUCTEETYPE>
    <ATTENDANCETYPE>0</ATTENDANCETYPE>
    <FBTCATEGORY>0</FBTCATEGORY>
    <FBTASSESSEETYPE>0</FBTASSESSEETYPE>
    <TARIFFCLASSIFICATION>0</TARIFFCLASSIFICATION>
    <EXCISEDUTYCLASSIFICATION>0</EXCISEDUTYCLASSIFICATION>
    <SERIALNUMBER>0</SERIALNUMBER>
    <ADJUSTMENTCLASSIFICATION>0</ADJUSTMENTCLASSIFICATION>
    <INCOMETAXSLAB>0</INCOMETAXSLAB>
    <INCOMETAXCLASSIFICATION>0</INCOMETAXCLASSIFICATION>
    <VOUCHER>0</VOUCHER>
   </CMPINFO>
  </DESC>
 </BODY>
</ENVELOPE>





06/01/2012  09:53:26 AM
Error-->>TallySynchronizer.TallyException: Ledger Mapping Not found for Entry Detail:1816
		EntryID = 798Ledger ID 241


06/01/2012  09:53:26 AM
Error-->>TallySynchronizer.TallyException: System.Exception: Voucher Original Entry Date Needed for modification not provided
   at TallySynchronizer.TallyVoucher.GetVoucherXML(String TallyCompanyName) in D:\TEST\TallySynchronizer\TallyVoucher.cs:line 258
   at TallySynchronizer.TallyConnection.AlterVoucherEntry(TallyVoucher VoucherEntry) in D:\TEST\TallySynchronizer\TallyConnection.cs:line 136
   at TallySynchronizer.Tally.UpdateTally(Tally_Entry TallyEntry, Tally_EntryDetails[] TallyEntryDetails, SyncType Type, Int16 RetryCount) in D:\TEST\TallySynchronizer\TallyManager.cs:line 426
   at TallySynchronizer.Tally.UpdateTally(Tally_Entry TallyEntry, Tally_EntryDetails[] TallyEntryDetails, SyncType Type, Int16 RetryCount) in D:\TEST\TallySynchronizer\TallyManager.cs:line 557
   at TallySynchronizer.Tally.UpdateTally(Tally_Entry TallyEntry, Tally_EntryDetails[] TallyEntryDetails, SyncType Type) in D:\TEST\TallySynchronizer\TallyManager.cs:line 305
   at TallySynchronizer.Tally.ExportOffLineTransactions() in D:\TEST\TallySynchronizer\TallyManager.cs:line 188
		


06/01/2012  09:55:39 AM
Error-->>TallySynchronizer.TallyException: Ledger Not Found
		

Request 
<ENVELOPE>
<HEADER>
<VERSION>1</VERSION>
<TALLYREQUEST>Import</TALLYREQUEST>
<TYPE>Data</TYPE>
<ID>All Masters</ID>
</HEADER>
<BODY>
<DESC>
<STATICVARIABLES>
<SVCURRENTCOMPANY>CMS</SVCURRENTCOMPANY>
<IMPORTDUPS>@@DupIgnoreCombine</IMPORTDUPS>
</STATICVARIABLES>
</DESC>
<DATA>
<TALLYMESSAGE>
<VOUCHER DATE="20120105" TAGNAME = "Reference" TAGVALUE="149PAY" Action="Alter">
<DATE>20120105</DATE>
<NARRATION>[149PAY][172] ToWards : ledger cheq Cheque : [State Bank of India/BTM layout/55555]</NARRATION>
<VOUCHERTYPENAME>Receipt</VOUCHERTYPENAME>
<VOUCHERNUMBER>149PAY</VOUCHERNUMBER>
<REFERENCE>149PAY</REFERENCE>
<ALLLEDGERENTRIES.LIST>
<LEDGERNAME>CSH</LEDGERNAME>
<ISDEEMEDPOSITIVE>No</ISDEEMEDPOSITIVE>
<AMOUNT>1200</AMOUNT>
</ALLLEDGERENTRIES.LIST>
<ALLLEDGERENTRIES.LIST>
<LEDGERNAME>SRV</LEDGERNAME>
<ISDEEMEDPOSITIVE>Yes</ISDEEMEDPOSITIVE>
<AMOUNT>-600</AMOUNT>
</ALLLEDGERENTRIES.LIST>
<ALLLEDGERENTRIES.LIST>
<LEDGERNAME>Green Fees</LEDGERNAME>
<ISDEEMEDPOSITIVE>Yes</ISDEEMEDPOSITIVE>
<AMOUNT>-600</AMOUNT>
</ALLLEDGERENTRIES.LIST>

</VOUCHER>
</TALLYMESSAGE>
</DATA>
</BODY>
</ENVELOPE>

Response 
<ENVELOPE>
 <HEADER>
  <VERSION>1</VERSION>
  <STATUS>0</STATUS>
 </HEADER>
 <BODY>
  <DATA>
   <LINEERROR>Ledger &apos;Green Fees&apos; does not exist!</LINEERROR>
   <CREATED>0</CREATED>
   <ALTERED>0</ALTERED>
   <LASTVCHID>0</LASTVCHID>
   <LASTMID>0</LASTMID>
   <COMBINED>0</COMBINED>
   <IGNORED>0</IGNORED>
   <ERRORS>1</ERRORS>
  </DATA>
  <DESC>
   <CMPINFO>
    <COMPANY>0</COMPANY>
    <GROUP>0</GROUP>
    <LEDGER>36</LEDGER>
    <COSTCATEGORY>0</COSTCATEGORY>
    <COSTCENTRE>0</COSTCENTRE>
    <GODOWN>0</GODOWN>
    <STOCKGROUP>0</STOCKGROUP>
    <STOCKCATEGORY>0</STOCKCATEGORY>
    <STOCKITEM>0</STOCKITEM>
    <VOUCHERTYPE>0</VOUCHERTYPE>
    <CURRENCY>0</CURRENCY>
    <UNIT>0</UNIT>
    <BUDGET>0</BUDGET>
    <CLIENTRULE>0</CLIENTRULE>
    <SERVERRULE>0</SERVERRULE>
    <STATE>0</STATE>
    <TDSRATE>0</TDSRATE>
    <TAXCLASSIFICATION>0</TAXCLASSIFICATION>
    <STCATEGORY>0</STCATEGORY>
    <DEDUCTEETYPE>0</DEDUCTEETYPE>
    <ATTENDANCETYPE>0</ATTENDANCETYPE>
    <FBTCATEGORY>0</FBTCATEGORY>
    <FBTASSESSEETYPE>0</FBTASSESSEETYPE>
    <TARIFFCLASSIFICATION>0</TARIFFCLASSIFICATION>
    <EXCISEDUTYCLASSIFICATION>0</EXCISEDUTYCLASSIFICATION>
    <SERIALNUMBER>0</SERIALNUMBER>
    <ADJUSTMENTCLASSIFICATION>0</ADJUSTMENTCLASSIFICATION>
    <INCOMETAXSLAB>0</INCOMETAXSLAB>
    <INCOMETAXCLASSIFICATION>0</INCOMETAXCLASSIFICATION>
    <VOUCHER>0</VOUCHER>
   </CMPINFO>
  </DESC>
 </BODY>
</ENVELOPE>



06/01/2012  09:56:49 AM
Error-->>TallySynchronizer.TallyException: <ENVELOPE>
 <HEADER>
  <VERSION>1</VERSION>
  <STATUS>1</STATUS>
 </HEADER>
 <BODY>
  <DATA>
   <IMPORTRESULT>
    <CREATED>0</CREATED>
    <ALTERED>1</ALTERED>
    <LASTVCHID>0</LASTVCHID>
    <LASTMID>0</LASTMID>
    <COMBINED>0</COMBINED>
    <IGNORED>0</IGNORED>
    <ERRORS>0</ERRORS>
   </IMPORTRESULT>
  </DATA>
  <DESC>
   <CMPINFO>
    <COMPANY>0</COMPANY>
    <GROUP>0</GROUP>
    <LEDGER>38</LEDGER>
    <COSTCATEGORY>0</COSTCATEGORY>
    <COSTCENTRE>0</COSTCENTRE>
    <GODOWN>0</GODOWN>
    <STOCKGROUP>0</STOCKGROUP>
    <STOCKCATEGORY>0</STOCKCATEGORY>
    <STOCKITEM>0</STOCKITEM>
    <VOUCHERTYPE>0</VOUCHERTYPE>
    <CURRENCY>0</CURRENCY>
    <UNIT>0</UNIT>
    <BUDGET>0</BUDGET>
    <CLIENTRULE>0</CLIENTRULE>
    <SERVERRULE>0</SERVERRULE>
    <STATE>0</STATE>
    <TDSRATE>0</TDSRATE>
    <TAXCLASSIFICATION>0</TAXCLASSIFICATION>
    <STCATEGORY>0</STCATEGORY>
    <DEDUCTEETYPE>0</DEDUCTEETYPE>
    <ATTENDANCETYPE>0</ATTENDANCETYPE>
    <FBTCATEGORY>0</FBTCATEGORY>
    <FBTASSESSEETYPE>0</FBTASSESSEETYPE>
    <TARIFFCLASSIFICATION>0</TARIFFCLASSIFICATION>
    <EXCISEDUTYCLASSIFICATION>0</EXCISEDUTYCLASSIFICATION>
    <SERIALNUMBER>0</SERIALNUMBER>
    <ADJUSTMENTCLASSIFICATION>0</ADJUSTMENTCLASSIFICATION>
    <INCOMETAXSLAB>0</INCOMETAXSLAB>
    <INCOMETAXCLASSIFICATION>0</INCOMETAXCLASSIFICATION>
    <VOUCHER>0</VOUCHER>
   </CMPINFO>
  </DESC>
 </BODY>
</ENVELOPE>

Response
<ENVELOPE><HEADER><VERSION>1</VERSION><TALLYREQUEST>Import</TALLYREQUEST><TYPE>Data</TYPE><ID>All Masters</ID></HEADER><BODY><DESC><STATICVARIABLES><SVCURRENTCOMPANY>CMS</SVCURRENTCOMPANY><IMPORTDUPS>@@DupIgnoreCombine</IMPORTDUPS></STATICVARIABLES></DESC><DATA><TALLYMESSAGE><LEDGER NAME="Service Tax@10%"><PARENT>Direct Incomes</PARENT><LANGUAGENAME.LIST><NAME.LIST TYPE="String"><NAME>Service Tax@10%</NAME><NAME>SRV</NAME></NAME.LIST></LANGUAGENAME.LIST></LEDGER></TALLYMESSAGE></DATA></BODY></ENVELOPE>
		Ledger Name : Service Tax@10%
Alias Name : SRV

 Request XML 
<ENVELOPE><HEADER><VERSION>1</VERSION><TALLYREQUEST>Import</TALLYREQUEST><TYPE>Data</TYPE><ID>All Masters</ID></HEADER><BODY><DESC><STATICVARIABLES><SVCURRENTCOMPANY>CMS</SVCURRENTCOMPANY><IMPORTDUPS>@@DupIgnoreCombine</IMPORTDUPS></STATICVARIABLES></DESC><DATA><TALLYMESSAGE><LEDGER NAME="Service Tax@10%"><PARENT>Direct Incomes</PARENT><LANGUAGENAME.LIST><NAME.LIST TYPE="String"><NAME>Service Tax@10%</NAME><NAME>SRV</NAME></NAME.LIST></LANGUAGENAME.LIST></LEDGER></TALLYMESSAGE></DATA></BODY></ENVELOPE>

 Response XML 
<ENVELOPE>
 <HEADER>
  <VERSION>1</VERSION>
  <STATUS>1</STATUS>
 </HEADER>
 <BODY>
  <DATA>
   <IMPORTRESULT>
    <CREATED>0</CREATED>
    <ALTERED>1</ALTERED>
    <LASTVCHID>0</LASTVCHID>
    <LASTMID>0</LASTMID>
    <COMBINED>0</COMBINED>
    <IGNORED>0</IGNORED>
    <ERRORS>0</ERRORS>
   </IMPORTRESULT>
  </DATA>
  <DESC>
   <CMPINFO>
    <COMPANY>0</COMPANY>
    <GROUP>0</GROUP>
    <LEDGER>38</LEDGER>
    <COSTCATEGORY>0</COSTCATEGORY>
    <COSTCENTRE>0</COSTCENTRE>
    <GODOWN>0</GODOWN>
    <STOCKGROUP>0</STOCKGROUP>
    <STOCKCATEGORY>0</STOCKCATEGORY>
    <STOCKITEM>0</STOCKITEM>
    <VOUCHERTYPE>0</VOUCHERTYPE>
    <CURRENCY>0</CURRENCY>
    <UNIT>0</UNIT>
    <BUDGET>0</BUDGET>
    <CLIENTRULE>0</CLIENTRULE>
    <SERVERRULE>0</SERVERRULE>
    <STATE>0</STATE>
    <TDSRATE>0</TDSRATE>
    <TAXCLASSIFICATION>0</TAXCLASSIFICATION>
    <STCATEGORY>0</STCATEGORY>
    <DEDUCTEETYPE>0</DEDUCTEETYPE>
    <ATTENDANCETYPE>0</ATTENDANCETYPE>
    <FBTCATEGORY>0</FBTCATEGORY>
    <FBTASSESSEETYPE>0</FBTASSESSEETYPE>
    <TARIFFCLASSIFICATION>0</TARIFFCLASSIFICATION>
    <EXCISEDUTYCLASSIFICATION>0</EXCISEDUTYCLASSIFICATION>
    <SERIALNUMBER>0</SERIALNUMBER>
    <ADJUSTMENTCLASSIFICATION>0</ADJUSTMENTCLASSIFICATION>
    <INCOMETAXSLAB>0</INCOMETAXSLAB>
    <INCOMETAXCLASSIFICATION>0</INCOMETAXCLASSIFICATION>
    <VOUCHER>0</VOUCHER>
   </CMPINFO>
  </DESC>
 </BODY>
</ENVELOPE>





06/01/2012  10:00:38 AM
Error-->>TallySynchronizer.TallyException: <ENVELOPE>
 <HEADER>
  <VERSION>1</VERSION>
  <STATUS>0</STATUS>
 </HEADER>
 <BODY>
  <DATA>
   <LINEERROR>Duplicate Entry!</LINEERROR>
   <CREATED>0</CREATED>
   <ALTERED>0</ALTERED>
   <LASTVCHID>0</LASTVCHID>
   <LASTMID>0</LASTMID>
   <COMBINED>0</COMBINED>
   <IGNORED>0</IGNORED>
   <ERRORS>1</ERRORS>
  </DATA>
  <DESC>
   <CMPINFO>
    <COMPANY>0</COMPANY>
    <GROUP>0</GROUP>
    <LEDGER>38</LEDGER>
    <COSTCATEGORY>0</COSTCATEGORY>
    <COSTCENTRE>0</COSTCENTRE>
    <GODOWN>0</GODOWN>
    <STOCKGROUP>0</STOCKGROUP>
    <STOCKCATEGORY>0</STOCKCATEGORY>
    <STOCKITEM>0</STOCKITEM>
    <VOUCHERTYPE>0</VOUCHERTYPE>
    <CURRENCY>0</CURRENCY>
    <UNIT>0</UNIT>
    <BUDGET>0</BUDGET>
    <CLIENTRULE>0</CLIENTRULE>
    <SERVERRULE>0</SERVERRULE>
    <STATE>0</STATE>
    <TDSRATE>0</TDSRATE>
    <TAXCLASSIFICATION>0</TAXCLASSIFICATION>
    <STCATEGORY>0</STCATEGORY>
    <DEDUCTEETYPE>0</DEDUCTEETYPE>
    <ATTENDANCETYPE>0</ATTENDANCETYPE>
    <FBTCATEGORY>0</FBTCATEGORY>
    <FBTASSESSEETYPE>0</FBTASSESSEETYPE>
    <TARIFFCLASSIFICATION>0</TARIFFCLASSIFICATION>
    <EXCISEDUTYCLASSIFICATION>0</EXCISEDUTYCLASSIFICATION>
    <SERIALNUMBER>0</SERIALNUMBER>
    <ADJUSTMENTCLASSIFICATION>0</ADJUSTMENTCLASSIFICATION>
    <INCOMETAXSLAB>0</INCOMETAXSLAB>
    <INCOMETAXCLASSIFICATION>0</INCOMETAXCLASSIFICATION>
    <VOUCHER>0</VOUCHER>
   </CMPINFO>
  </DESC>
 </BODY>
</ENVELOPE>

Response
<ENVELOPE><HEADER><VERSION>1</VERSION><TALLYREQUEST>Import</TALLYREQUEST><TYPE>Data</TYPE><ID>All Masters</ID></HEADER><BODY><DESC><STATICVARIABLES><SVCURRENTCOMPANY>CMS</SVCURRENTCOMPANY><IMPORTDUPS>@@DupIgnoreCombine</IMPORTDUPS></STATICVARIABLES></DESC><DATA><TALLYMESSAGE><LEDGER NAME="Green Fees"><PARENT>Direct Incomes</PARENT><LANGUAGENAME.LIST><NAME.LIST TYPE="String"><NAME>Green Fees</NAME><NAME>Green Fees</NAME></NAME.LIST></LANGUAGENAME.LIST></LEDGER></TALLYMESSAGE></DATA></BODY></ENVELOPE>
		Ledger Name : Green Fees
Alias Name : Green Fees

 Request XML 
<ENVELOPE><HEADER><VERSION>1</VERSION><TALLYREQUEST>Import</TALLYREQUEST><TYPE>Data</TYPE><ID>All Masters</ID></HEADER><BODY><DESC><STATICVARIABLES><SVCURRENTCOMPANY>CMS</SVCURRENTCOMPANY><IMPORTDUPS>@@DupIgnoreCombine</IMPORTDUPS></STATICVARIABLES></DESC><DATA><TALLYMESSAGE><LEDGER NAME="Green Fees"><PARENT>Direct Incomes</PARENT><LANGUAGENAME.LIST><NAME.LIST TYPE="String"><NAME>Green Fees</NAME><NAME>Green Fees</NAME></NAME.LIST></LANGUAGENAME.LIST></LEDGER></TALLYMESSAGE></DATA></BODY></ENVELOPE>

 Response XML 
<ENVELOPE>
 <HEADER>
  <VERSION>1</VERSION>
  <STATUS>0</STATUS>
 </HEADER>
 <BODY>
  <DATA>
   <LINEERROR>Duplicate Entry!</LINEERROR>
   <CREATED>0</CREATED>
   <ALTERED>0</ALTERED>
   <LASTVCHID>0</LASTVCHID>
   <LASTMID>0</LASTMID>
   <COMBINED>0</COMBINED>
   <IGNORED>0</IGNORED>
   <ERRORS>1</ERRORS>
  </DATA>
  <DESC>
   <CMPINFO>
    <COMPANY>0</COMPANY>
    <GROUP>0</GROUP>
    <LEDGER>38</LEDGER>
    <COSTCATEGORY>0</COSTCATEGORY>
    <COSTCENTRE>0</COSTCENTRE>
    <GODOWN>0</GODOWN>
    <STOCKGROUP>0</STOCKGROUP>
    <STOCKCATEGORY>0</STOCKCATEGORY>
    <STOCKITEM>0</STOCKITEM>
    <VOUCHERTYPE>0</VOUCHERTYPE>
    <CURRENCY>0</CURRENCY>
    <UNIT>0</UNIT>
    <BUDGET>0</BUDGET>
    <CLIENTRULE>0</CLIENTRULE>
    <SERVERRULE>0</SERVERRULE>
    <STATE>0</STATE>
    <TDSRATE>0</TDSRATE>
    <TAXCLASSIFICATION>0</TAXCLASSIFICATION>
    <STCATEGORY>0</STCATEGORY>
    <DEDUCTEETYPE>0</DEDUCTEETYPE>
    <ATTENDANCETYPE>0</ATTENDANCETYPE>
    <FBTCATEGORY>0</FBTCATEGORY>
    <FBTASSESSEETYPE>0</FBTASSESSEETYPE>
    <TARIFFCLASSIFICATION>0</TARIFFCLASSIFICATION>
    <EXCISEDUTYCLASSIFICATION>0</EXCISEDUTYCLASSIFICATION>
    <SERIALNUMBER>0</SERIALNUMBER>
    <ADJUSTMENTCLASSIFICATION>0</ADJUSTMENTCLASSIFICATION>
    <INCOMETAXSLAB>0</INCOMETAXSLAB>
    <INCOMETAXCLASSIFICATION>0</INCOMETAXCLASSIFICATION>
    <VOUCHER>0</VOUCHER>
   </CMPINFO>
  </DESC>
 </BODY>
</ENVELOPE>





06/01/2012  10:00:40 AM
Error-->>TallySynchronizer.TallyException: Ledger Not Found
		

Request 
<ENVELOPE>
<HEADER>
<VERSION>1</VERSION>
<TALLYREQUEST>Import</TALLYREQUEST>
<TYPE>Data</TYPE>
<ID>All Masters</ID>
</HEADER>
<BODY>
<DESC>
<STATICVARIABLES>
<SVCURRENTCOMPANY>CMS</SVCURRENTCOMPANY>
<IMPORTDUPS>@@DupIgnoreCombine</IMPORTDUPS>
</STATICVARIABLES>
</DESC>
<DATA>
<TALLYMESSAGE>
<VOUCHER DATE="20120105" TAGNAME = "Reference" TAGVALUE="149PAY" Action="Alter">
<DATE>20120105</DATE>
<NARRATION>[149PAY][172] ToWards : ledger cheq Cheque : [State Bank of India/BTM layout/55555]</NARRATION>
<VOUCHERTYPENAME>Receipt</VOUCHERTYPENAME>
<VOUCHERNUMBER>149PAY</VOUCHERNUMBER>
<REFERENCE>149PAY</REFERENCE>
<ALLLEDGERENTRIES.LIST>
<LEDGERNAME>CSH</LEDGERNAME>
<ISDEEMEDPOSITIVE>No</ISDEEMEDPOSITIVE>
<AMOUNT>1200</AMOUNT>
</ALLLEDGERENTRIES.LIST>
<ALLLEDGERENTRIES.LIST>
<LEDGERNAME>SRV</LEDGERNAME>
<ISDEEMEDPOSITIVE>Yes</ISDEEMEDPOSITIVE>
<AMOUNT>-600</AMOUNT>
</ALLLEDGERENTRIES.LIST>
<ALLLEDGERENTRIES.LIST>
<LEDGERNAME>Green Fees</LEDGERNAME>
<ISDEEMEDPOSITIVE>Yes</ISDEEMEDPOSITIVE>
<AMOUNT>-600</AMOUNT>
</ALLLEDGERENTRIES.LIST>

</VOUCHER>
</TALLYMESSAGE>
</DATA>
</BODY>
</ENVELOPE>

Response 
<ENVELOPE>
 <HEADER>
  <VERSION>1</VERSION>
  <STATUS>0</STATUS>
 </HEADER>
 <BODY>
  <DATA>
   <LINEERROR>Ledger &apos;Green Fees&apos; does not exist!</LINEERROR>
   <CREATED>0</CREATED>
   <ALTERED>0</ALTERED>
   <LASTVCHID>0</LASTVCHID>
   <LASTMID>0</LASTMID>
   <COMBINED>0</COMBINED>
   <IGNORED>0</IGNORED>
   <ERRORS>1</ERRORS>
  </DATA>
  <DESC>
   <CMPINFO>
    <COMPANY>0</COMPANY>
    <GROUP>0</GROUP>
    <LEDGER>38</LEDGER>
    <COSTCATEGORY>0</COSTCATEGORY>
    <COSTCENTRE>0</COSTCENTRE>
    <GODOWN>0</GODOWN>
    <STOCKGROUP>0</STOCKGROUP>
    <STOCKCATEGORY>0</STOCKCATEGORY>
    <STOCKITEM>0</STOCKITEM>
    <VOUCHERTYPE>0</VOUCHERTYPE>
    <CURRENCY>0</CURRENCY>
    <UNIT>0</UNIT>
    <BUDGET>0</BUDGET>
    <CLIENTRULE>0</CLIENTRULE>
    <SERVERRULE>0</SERVERRULE>
    <STATE>0</STATE>
    <TDSRATE>0</TDSRATE>
    <TAXCLASSIFICATION>0</TAXCLASSIFICATION>
    <STCATEGORY>0</STCATEGORY>
    <DEDUCTEETYPE>0</DEDUCTEETYPE>
    <ATTENDANCETYPE>0</ATTENDANCETYPE>
    <FBTCATEGORY>0</FBTCATEGORY>
    <FBTASSESSEETYPE>0</FBTASSESSEETYPE>
    <TARIFFCLASSIFICATION>0</TARIFFCLASSIFICATION>
    <EXCISEDUTYCLASSIFICATION>0</EXCISEDUTYCLASSIFICATION>
    <SERIALNUMBER>0</SERIALNUMBER>
    <ADJUSTMENTCLASSIFICATION>0</ADJUSTMENTCLASSIFICATION>
    <INCOMETAXSLAB>0</INCOMETAXSLAB>
    <INCOMETAXCLASSIFICATION>0</INCOMETAXCLASSIFICATION>
    <VOUCHER>0</VOUCHER>
   </CMPINFO>
  </DESC>
 </BODY>
</ENVELOPE>



06/01/2012  10:00:41 AM
Error-->>TallySynchronizer.TallyException: <ENVELOPE>
 <HEADER>
  <VERSION>1</VERSION>
  <STATUS>1</STATUS>
 </HEADER>
 <BODY>
  <DATA>
   <IMPORTRESULT>
    <CREATED>0</CREATED>
    <ALTERED>1</ALTERED>
    <LASTVCHID>0</LASTVCHID>
    <LASTMID>0</LASTMID>
    <COMBINED>0</COMBINED>
    <IGNORED>0</IGNORED>
    <ERRORS>0</ERRORS>
   </IMPORTRESULT>
  </DATA>
  <DESC>
   <CMPINFO>
    <COMPANY>0</COMPANY>
    <GROUP>0</GROUP>
    <LEDGER>39</LEDGER>
    <COSTCATEGORY>0</COSTCATEGORY>
    <COSTCENTRE>0</COSTCENTRE>
    <GODOWN>0</GODOWN>
    <STOCKGROUP>0</STOCKGROUP>
    <STOCKCATEGORY>0</STOCKCATEGORY>
    <STOCKITEM>0</STOCKITEM>
    <VOUCHERTYPE>0</VOUCHERTYPE>
    <CURRENCY>0</CURRENCY>
    <UNIT>0</UNIT>
    <BUDGET>0</BUDGET>
    <CLIENTRULE>0</CLIENTRULE>
    <SERVERRULE>0</SERVERRULE>
    <STATE>0</STATE>
    <TDSRATE>0</TDSRATE>
    <TAXCLASSIFICATION>0</TAXCLASSIFICATION>
    <STCATEGORY>0</STCATEGORY>
    <DEDUCTEETYPE>0</DEDUCTEETYPE>
    <ATTENDANCETYPE>0</ATTENDANCETYPE>
    <FBTCATEGORY>0</FBTCATEGORY>
    <FBTASSESSEETYPE>0</FBTASSESSEETYPE>
    <TARIFFCLASSIFICATION>0</TARIFFCLASSIFICATION>
    <EXCISEDUTYCLASSIFICATION>0</EXCISEDUTYCLASSIFICATION>
    <SERIALNUMBER>0</SERIALNUMBER>
    <ADJUSTMENTCLASSIFICATION>0</ADJUSTMENTCLASSIFICATION>
    <INCOMETAXSLAB>0</INCOMETAXSLAB>
    <INCOMETAXCLASSIFICATION>0</INCOMETAXCLASSIFICATION>
    <VOUCHER>0</VOUCHER>
   </CMPINFO>
  </DESC>
 </BODY>
</ENVELOPE>

Response
<ENVELOPE><HEADER><VERSION>1</VERSION><TALLYREQUEST>Import</TALLYREQUEST><TYPE>Data</TYPE><ID>All Masters</ID></HEADER><BODY><DESC><STATICVARIABLES><SVCURRENTCOMPANY>CMS</SVCURRENTCOMPANY><IMPORTDUPS>@@DupIgnoreCombine</IMPORTDUPS></STATICVARIABLES></DESC><DATA><TALLYMESSAGE><LEDGER NAME="Hon-Member charges"><PARENT>Direct Incomes</PARENT><LANGUAGENAME.LIST><NAME.LIST TYPE="String"><NAME>Hon-Member charges</NAME><NAME>CSH</NAME></NAME.LIST></LANGUAGENAME.LIST></LEDGER></TALLYMESSAGE></DATA></BODY></ENVELOPE>
		Ledger Name : Hon-Member charges
Alias Name : CSH

 Request XML 
<ENVELOPE><HEADER><VERSION>1</VERSION><TALLYREQUEST>Import</TALLYREQUEST><TYPE>Data</TYPE><ID>All Masters</ID></HEADER><BODY><DESC><STATICVARIABLES><SVCURRENTCOMPANY>CMS</SVCURRENTCOMPANY><IMPORTDUPS>@@DupIgnoreCombine</IMPORTDUPS></STATICVARIABLES></DESC><DATA><TALLYMESSAGE><LEDGER NAME="Hon-Member charges"><PARENT>Direct Incomes</PARENT><LANGUAGENAME.LIST><NAME.LIST TYPE="String"><NAME>Hon-Member charges</NAME><NAME>CSH</NAME></NAME.LIST></LANGUAGENAME.LIST></LEDGER></TALLYMESSAGE></DATA></BODY></ENVELOPE>

 Response XML 
<ENVELOPE>
 <HEADER>
  <VERSION>1</VERSION>
  <STATUS>1</STATUS>
 </HEADER>
 <BODY>
  <DATA>
   <IMPORTRESULT>
    <CREATED>0</CREATED>
    <ALTERED>1</ALTERED>
    <LASTVCHID>0</LASTVCHID>
    <LASTMID>0</LASTMID>
    <COMBINED>0</COMBINED>
    <IGNORED>0</IGNORED>
    <ERRORS>0</ERRORS>
   </IMPORTRESULT>
  </DATA>
  <DESC>
   <CMPINFO>
    <COMPANY>0</COMPANY>
    <GROUP>0</GROUP>
    <LEDGER>39</LEDGER>
    <COSTCATEGORY>0</COSTCATEGORY>
    <COSTCENTRE>0</COSTCENTRE>
    <GODOWN>0</GODOWN>
    <STOCKGROUP>0</STOCKGROUP>
    <STOCKCATEGORY>0</STOCKCATEGORY>
    <STOCKITEM>0</STOCKITEM>
    <VOUCHERTYPE>0</VOUCHERTYPE>
    <CURRENCY>0</CURRENCY>
    <UNIT>0</UNIT>
    <BUDGET>0</BUDGET>
    <CLIENTRULE>0</CLIENTRULE>
    <SERVERRULE>0</SERVERRULE>
    <STATE>0</STATE>
    <TDSRATE>0</TDSRATE>
    <TAXCLASSIFICATION>0</TAXCLASSIFICATION>
    <STCATEGORY>0</STCATEGORY>
    <DEDUCTEETYPE>0</DEDUCTEETYPE>
    <ATTENDANCETYPE>0</ATTENDANCETYPE>
    <FBTCATEGORY>0</FBTCATEGORY>
    <FBTASSESSEETYPE>0</FBTASSESSEETYPE>
    <TARIFFCLASSIFICATION>0</TARIFFCLASSIFICATION>
    <EXCISEDUTYCLASSIFICATION>0</EXCISEDUTYCLASSIFICATION>
    <SERIALNUMBER>0</SERIALNUMBER>
    <ADJUSTMENTCLASSIFICATION>0</ADJUSTMENTCLASSIFICATION>
    <INCOMETAXSLAB>0</INCOMETAXSLAB>
    <INCOMETAXCLASSIFICATION>0</INCOMETAXCLASSIFICATION>
    <VOUCHER>0</VOUCHER>
   </CMPINFO>
  </DESC>
 </BODY>
</ENVELOPE>





06/01/2012  10:00:42 AM
Error-->>TallySynchronizer.TallyException: <ENVELOPE>
 <HEADER>
  <VERSION>1</VERSION>
  <STATUS>1</STATUS>
 </HEADER>
 <BODY>
  <DATA>
   <IMPORTRESULT>
    <CREATED>0</CREATED>
    <ALTERED>1</ALTERED>
    <LASTVCHID>0</LASTVCHID>
    <LASTMID>0</LASTMID>
    <COMBINED>0</COMBINED>
    <IGNORED>0</IGNORED>
    <ERRORS>0</ERRORS>
   </IMPORTRESULT>
  </DATA>
  <DESC>
   <CMPINFO>
    <COMPANY>0</COMPANY>
    <GROUP>0</GROUP>
    <LEDGER>40</LEDGER>
    <COSTCATEGORY>0</COSTCATEGORY>
    <COSTCENTRE>0</COSTCENTRE>
    <GODOWN>0</GODOWN>
    <STOCKGROUP>0</STOCKGROUP>
    <STOCKCATEGORY>0</STOCKCATEGORY>
    <STOCKITEM>0</STOCKITEM>
    <VOUCHERTYPE>0</VOUCHERTYPE>
    <CURRENCY>0</CURRENCY>
    <UNIT>0</UNIT>
    <BUDGET>0</BUDGET>
    <CLIENTRULE>0</CLIENTRULE>
    <SERVERRULE>0</SERVERRULE>
    <STATE>0</STATE>
    <TDSRATE>0</TDSRATE>
    <TAXCLASSIFICATION>0</TAXCLASSIFICATION>
    <STCATEGORY>0</STCATEGORY>
    <DEDUCTEETYPE>0</DEDUCTEETYPE>
    <ATTENDANCETYPE>0</ATTENDANCETYPE>
    <FBTCATEGORY>0</FBTCATEGORY>
    <FBTASSESSEETYPE>0</FBTASSESSEETYPE>
    <TARIFFCLASSIFICATION>0</TARIFFCLASSIFICATION>
    <EXCISEDUTYCLASSIFICATION>0</EXCISEDUTYCLASSIFICATION>
    <SERIALNUMBER>0</SERIALNUMBER>
    <ADJUSTMENTCLASSIFICATION>0</ADJUSTMENTCLASSIFICATION>
    <INCOMETAXSLAB>0</INCOMETAXSLAB>
    <INCOMETAXCLASSIFICATION>0</INCOMETAXCLASSIFICATION>
    <VOUCHER>0</VOUCHER>
   </CMPINFO>
  </DESC>
 </BODY>
</ENVELOPE>

Response
<ENVELOPE><HEADER><VERSION>1</VERSION><TALLYREQUEST>Import</TALLYREQUEST><TYPE>Data</TYPE><ID>All Masters</ID></HEADER><BODY><DESC><STATICVARIABLES><SVCURRENTCOMPANY>CMS</SVCURRENTCOMPANY><IMPORTDUPS>@@DupIgnoreCombine</IMPORTDUPS></STATICVARIABLES></DESC><DATA><TALLYMESSAGE><LEDGER NAME="Service Tax@10%"><PARENT>Direct Incomes</PARENT><LANGUAGENAME.LIST><NAME.LIST TYPE="String"><NAME>Service Tax@10%</NAME><NAME>SRV</NAME></NAME.LIST></LANGUAGENAME.LIST></LEDGER></TALLYMESSAGE></DATA></BODY></ENVELOPE>
		Ledger Name : Service Tax@10%
Alias Name : SRV

 Request XML 
<ENVELOPE><HEADER><VERSION>1</VERSION><TALLYREQUEST>Import</TALLYREQUEST><TYPE>Data</TYPE><ID>All Masters</ID></HEADER><BODY><DESC><STATICVARIABLES><SVCURRENTCOMPANY>CMS</SVCURRENTCOMPANY><IMPORTDUPS>@@DupIgnoreCombine</IMPORTDUPS></STATICVARIABLES></DESC><DATA><TALLYMESSAGE><LEDGER NAME="Service Tax@10%"><PARENT>Direct Incomes</PARENT><LANGUAGENAME.LIST><NAME.LIST TYPE="String"><NAME>Service Tax@10%</NAME><NAME>SRV</NAME></NAME.LIST></LANGUAGENAME.LIST></LEDGER></TALLYMESSAGE></DATA></BODY></ENVELOPE>

 Response XML 
<ENVELOPE>
 <HEADER>
  <VERSION>1</VERSION>
  <STATUS>1</STATUS>
 </HEADER>
 <BODY>
  <DATA>
   <IMPORTRESULT>
    <CREATED>0</CREATED>
    <ALTERED>1</ALTERED>
    <LASTVCHID>0</LASTVCHID>
    <LASTMID>0</LASTMID>
    <COMBINED>0</COMBINED>
    <IGNORED>0</IGNORED>
    <ERRORS>0</ERRORS>
   </IMPORTRESULT>
  </DATA>
  <DESC>
   <CMPINFO>
    <COMPANY>0</COMPANY>
    <GROUP>0</GROUP>
    <LEDGER>40</LEDGER>
    <COSTCATEGORY>0</COSTCATEGORY>
    <COSTCENTRE>0</COSTCENTRE>
    <GODOWN>0</GODOWN>
    <STOCKGROUP>0</STOCKGROUP>
    <STOCKCATEGORY>0</STOCKCATEGORY>
    <STOCKITEM>0</STOCKITEM>
    <VOUCHERTYPE>0</VOUCHERTYPE>
    <CURRENCY>0</CURRENCY>
    <UNIT>0</UNIT>
    <BUDGET>0</BUDGET>
    <CLIENTRULE>0</CLIENTRULE>
    <SERVERRULE>0</SERVERRULE>
    <STATE>0</STATE>
    <TDSRATE>0</TDSRATE>
    <TAXCLASSIFICATION>0</TAXCLASSIFICATION>
    <STCATEGORY>0</STCATEGORY>
    <DEDUCTEETYPE>0</DEDUCTEETYPE>
    <ATTENDANCETYPE>0</ATTENDANCETYPE>
    <FBTCATEGORY>0</FBTCATEGORY>
    <FBTASSESSEETYPE>0</FBTASSESSEETYPE>
    <TARIFFCLASSIFICATION>0</TARIFFCLASSIFICATION>
    <EXCISEDUTYCLASSIFICATION>0</EXCISEDUTYCLASSIFICATION>
    <SERIALNUMBER>0</SERIALNUMBER>
    <ADJUSTMENTCLASSIFICATION>0</ADJUSTMENTCLASSIFICATION>
    <INCOMETAXSLAB>0</INCOMETAXSLAB>
    <INCOMETAXCLASSIFICATION>0</INCOMETAXCLASSIFICATION>
    <VOUCHER>0</VOUCHER>
   </CMPINFO>
  </DESC>
 </BODY>
</ENVELOPE>





06/01/2012  10:00:43 AM
Error-->>TallySynchronizer.TallyException: <ENVELOPE>
 <HEADER>
  <VERSION>1</VERSION>
  <STATUS>0</STATUS>
 </HEADER>
 <BODY>
  <DATA>
   <LINEERROR>Duplicate Entry!</LINEERROR>
   <CREATED>0</CREATED>
   <ALTERED>0</ALTERED>
   <LASTVCHID>0</LASTVCHID>
   <LASTMID>0</LASTMID>
   <COMBINED>0</COMBINED>
   <IGNORED>0</IGNORED>
   <ERRORS>1</ERRORS>
  </DATA>
  <DESC>
   <CMPINFO>
    <COMPANY>0</COMPANY>
    <GROUP>0</GROUP>
    <LEDGER>40</LEDGER>
    <COSTCATEGORY>0</COSTCATEGORY>
    <COSTCENTRE>0</COSTCENTRE>
    <GODOWN>0</GODOWN>
    <STOCKGROUP>0</STOCKGROUP>
    <STOCKCATEGORY>0</STOCKCATEGORY>
    <STOCKITEM>0</STOCKITEM>
    <VOUCHERTYPE>0</VOUCHERTYPE>
    <CURRENCY>0</CURRENCY>
    <UNIT>0</UNIT>
    <BUDGET>0</BUDGET>
    <CLIENTRULE>0</CLIENTRULE>
    <SERVERRULE>0</SERVERRULE>
    <STATE>0</STATE>
    <TDSRATE>0</TDSRATE>
    <TAXCLASSIFICATION>0</TAXCLASSIFICATION>
    <STCATEGORY>0</STCATEGORY>
    <DEDUCTEETYPE>0</DEDUCTEETYPE>
    <ATTENDANCETYPE>0</ATTENDANCETYPE>
    <FBTCATEGORY>0</FBTCATEGORY>
    <FBTASSESSEETYPE>0</FBTASSESSEETYPE>
    <TARIFFCLASSIFICATION>0</TARIFFCLASSIFICATION>
    <EXCISEDUTYCLASSIFICATION>0</EXCISEDUTYCLASSIFICATION>
    <SERIALNUMBER>0</SERIALNUMBER>
    <ADJUSTMENTCLASSIFICATION>0</ADJUSTMENTCLASSIFICATION>
    <INCOMETAXSLAB>0</INCOMETAXSLAB>
    <INCOMETAXCLASSIFICATION>0</INCOMETAXCLASSIFICATION>
    <VOUCHER>0</VOUCHER>
   </CMPINFO>
  </DESC>
 </BODY>
</ENVELOPE>

Response
<ENVELOPE><HEADER><VERSION>1</VERSION><TALLYREQUEST>Import</TALLYREQUEST><TYPE>Data</TYPE><ID>All Masters</ID></HEADER><BODY><DESC><STATICVARIABLES><SVCURRENTCOMPANY>CMS</SVCURRENTCOMPANY><IMPORTDUPS>@@DupIgnoreCombine</IMPORTDUPS></STATICVARIABLES></DESC><DATA><TALLYMESSAGE><LEDGER NAME="Green Fees"><PARENT>Direct Incomes</PARENT><LANGUAGENAME.LIST><NAME.LIST TYPE="String"><NAME>Green Fees</NAME><NAME>Green Fees</NAME></NAME.LIST></LANGUAGENAME.LIST></LEDGER></TALLYMESSAGE></DATA></BODY></ENVELOPE>
		Ledger Name : Green Fees
Alias Name : Green Fees

 Request XML 
<ENVELOPE><HEADER><VERSION>1</VERSION><TALLYREQUEST>Import</TALLYREQUEST><TYPE>Data</TYPE><ID>All Masters</ID></HEADER><BODY><DESC><STATICVARIABLES><SVCURRENTCOMPANY>CMS</SVCURRENTCOMPANY><IMPORTDUPS>@@DupIgnoreCombine</IMPORTDUPS></STATICVARIABLES></DESC><DATA><TALLYMESSAGE><LEDGER NAME="Green Fees"><PARENT>Direct Incomes</PARENT><LANGUAGENAME.LIST><NAME.LIST TYPE="String"><NAME>Green Fees</NAME><NAME>Green Fees</NAME></NAME.LIST></LANGUAGENAME.LIST></LEDGER></TALLYMESSAGE></DATA></BODY></ENVELOPE>

 Response XML 
<ENVELOPE>
 <HEADER>
  <VERSION>1</VERSION>
  <STATUS>0</STATUS>
 </HEADER>
 <BODY>
  <DATA>
   <LINEERROR>Duplicate Entry!</LINEERROR>
   <CREATED>0</CREATED>
   <ALTERED>0</ALTERED>
   <LASTVCHID>0</LASTVCHID>
   <LASTMID>0</LASTMID>
   <COMBINED>0</COMBINED>
   <IGNORED>0</IGNORED>
   <ERRORS>1</ERRORS>
  </DATA>
  <DESC>
   <CMPINFO>
    <COMPANY>0</COMPANY>
    <GROUP>0</GROUP>
    <LEDGER>40</LEDGER>
    <COSTCATEGORY>0</COSTCATEGORY>
    <COSTCENTRE>0</COSTCENTRE>
    <GODOWN>0</GODOWN>
    <STOCKGROUP>0</STOCKGROUP>
    <STOCKCATEGORY>0</STOCKCATEGORY>
    <STOCKITEM>0</STOCKITEM>
    <VOUCHERTYPE>0</VOUCHERTYPE>
    <CURRENCY>0</CURRENCY>
    <UNIT>0</UNIT>
    <BUDGET>0</BUDGET>
    <CLIENTRULE>0</CLIENTRULE>
    <SERVERRULE>0</SERVERRULE>
    <STATE>0</STATE>
    <TDSRATE>0</TDSRATE>
    <TAXCLASSIFICATION>0</TAXCLASSIFICATION>
    <STCATEGORY>0</STCATEGORY>
    <DEDUCTEETYPE>0</DEDUCTEETYPE>
    <ATTENDANCETYPE>0</ATTENDANCETYPE>
    <FBTCATEGORY>0</FBTCATEGORY>
    <FBTASSESSEETYPE>0</FBTASSESSEETYPE>
    <TARIFFCLASSIFICATION>0</TARIFFCLASSIFICATION>
    <EXCISEDUTYCLASSIFICATION>0</EXCISEDUTYCLASSIFICATION>
    <SERIALNUMBER>0</SERIALNUMBER>
    <ADJUSTMENTCLASSIFICATION>0</ADJUSTMENTCLASSIFICATION>
    <INCOMETAXSLAB>0</INCOMETAXSLAB>
    <INCOMETAXCLASSIFICATION>0</INCOMETAXCLASSIFICATION>
    <VOUCHER>0</VOUCHER>
   </CMPINFO>
  </DESC>
 </BODY>
</ENVELOPE>





06/01/2012  10:00:44 AM
Error-->>TallySynchronizer.TallyException: Ledger Not Found
		

Request 
<ENVELOPE>
<HEADER>
<VERSION>1</VERSION>
<TALLYREQUEST>Import</TALLYREQUEST>
<TYPE>Data</TYPE>
<ID>All Masters</ID>
</HEADER>
<BODY>
<DESC>
<STATICVARIABLES>
<SVCURRENTCOMPANY>CMS</SVCURRENTCOMPANY>
<IMPORTDUPS>@@DupIgnoreCombine</IMPORTDUPS>
</STATICVARIABLES>
</DESC>
<DATA>
<TALLYMESSAGE>
<VOUCHER DATE="20120105" TAGNAME = "Reference" TAGVALUE="149PAY" Action="Alter">
<DATE>20120105</DATE>
<NARRATION>[149PAY][172] ToWards : ledger cheq Cheque : [State Bank of India/BTM layout/55555]</NARRATION>
<VOUCHERTYPENAME>Receipt</VOUCHERTYPENAME>
<VOUCHERNUMBER>149PAY</VOUCHERNUMBER>
<REFERENCE>149PAY</REFERENCE>
<ALLLEDGERENTRIES.LIST>
<LEDGERNAME>CSH</LEDGERNAME>
<ISDEEMEDPOSITIVE>No</ISDEEMEDPOSITIVE>
<AMOUNT>1200</AMOUNT>
</ALLLEDGERENTRIES.LIST>
<ALLLEDGERENTRIES.LIST>
<LEDGERNAME>SRV</LEDGERNAME>
<ISDEEMEDPOSITIVE>Yes</ISDEEMEDPOSITIVE>
<AMOUNT>-600</AMOUNT>
</ALLLEDGERENTRIES.LIST>
<ALLLEDGERENTRIES.LIST>
<LEDGERNAME>Green Fees</LEDGERNAME>
<ISDEEMEDPOSITIVE>Yes</ISDEEMEDPOSITIVE>
<AMOUNT>-600</AMOUNT>
</ALLLEDGERENTRIES.LIST>

</VOUCHER>
</TALLYMESSAGE>
</DATA>
</BODY>
</ENVELOPE>

Response 
<ENVELOPE>
 <HEADER>
  <VERSION>1</VERSION>
  <STATUS>0</STATUS>
 </HEADER>
 <BODY>
  <DATA>
   <LINEERROR>Ledger &apos;Green Fees&apos; does not exist!</LINEERROR>
   <CREATED>0</CREATED>
   <ALTERED>0</ALTERED>
   <LASTVCHID>0</LASTVCHID>
   <LASTMID>0</LASTMID>
   <COMBINED>0</COMBINED>
   <IGNORED>0</IGNORED>
   <ERRORS>1</ERRORS>
  </DATA>
  <DESC>
   <CMPINFO>
    <COMPANY>0</COMPANY>
    <GROUP>0</GROUP>
    <LEDGER>40</LEDGER>
    <COSTCATEGORY>0</COSTCATEGORY>
    <COSTCENTRE>0</COSTCENTRE>
    <GODOWN>0</GODOWN>
    <STOCKGROUP>0</STOCKGROUP>
    <STOCKCATEGORY>0</STOCKCATEGORY>
    <STOCKITEM>0</STOCKITEM>
    <VOUCHERTYPE>0</VOUCHERTYPE>
    <CURRENCY>0</CURRENCY>
    <UNIT>0</UNIT>
    <BUDGET>0</BUDGET>
    <CLIENTRULE>0</CLIENTRULE>
    <SERVERRULE>0</SERVERRULE>
    <STATE>0</STATE>
    <TDSRATE>0</TDSRATE>
    <TAXCLASSIFICATION>0</TAXCLASSIFICATION>
    <STCATEGORY>0</STCATEGORY>
    <DEDUCTEETYPE>0</DEDUCTEETYPE>
    <ATTENDANCETYPE>0</ATTENDANCETYPE>
    <FBTCATEGORY>0</FBTCATEGORY>
    <FBTASSESSEETYPE>0</FBTASSESSEETYPE>
    <TARIFFCLASSIFICATION>0</TARIFFCLASSIFICATION>
    <EXCISEDUTYCLASSIFICATION>0</EXCISEDUTYCLASSIFICATION>
    <SERIALNUMBER>0</SERIALNUMBER>
    <ADJUSTMENTCLASSIFICATION>0</ADJUSTMENTCLASSIFICATION>
    <INCOMETAXSLAB>0</INCOMETAXSLAB>
    <INCOMETAXCLASSIFICATION>0</INCOMETAXCLASSIFICATION>
    <VOUCHER>0</VOUCHER>
   </CMPINFO>
  </DESC>
 </BODY>
</ENVELOPE>



06/01/2012  10:00:45 AM
Error-->>TallySynchronizer.TallyException: <ENVELOPE>
 <HEADER>
  <VERSION>1</VERSION>
  <STATUS>1</STATUS>
 </HEADER>
 <BODY>
  <DATA>
   <IMPORTRESULT>
    <CREATED>0</CREATED>
    <ALTERED>1</ALTERED>
    <LASTVCHID>0</LASTVCHID>
    <LASTMID>0</LASTMID>
    <COMBINED>0</COMBINED>
    <IGNORED>0</IGNORED>
    <ERRORS>0</ERRORS>
   </IMPORTRESULT>
  </DATA>
  <DESC>
   <CMPINFO>
    <COMPANY>0</COMPANY>
    <GROUP>0</GROUP>
    <LEDGER>41</LEDGER>
    <COSTCATEGORY>0</COSTCATEGORY>
    <COSTCENTRE>0</COSTCENTRE>
    <GODOWN>0</GODOWN>
    <STOCKGROUP>0</STOCKGROUP>
    <STOCKCATEGORY>0</STOCKCATEGORY>
    <STOCKITEM>0</STOCKITEM>
    <VOUCHERTYPE>0</VOUCHERTYPE>
    <CURRENCY>0</CURRENCY>
    <UNIT>0</UNIT>
    <BUDGET>0</BUDGET>
    <CLIENTRULE>0</CLIENTRULE>
    <SERVERRULE>0</SERVERRULE>
    <STATE>0</STATE>
    <TDSRATE>0</TDSRATE>
    <TAXCLASSIFICATION>0</TAXCLASSIFICATION>
    <STCATEGORY>0</STCATEGORY>
    <DEDUCTEETYPE>0</DEDUCTEETYPE>
    <ATTENDANCETYPE>0</ATTENDANCETYPE>
    <FBTCATEGORY>0</FBTCATEGORY>
    <FBTASSESSEETYPE>0</FBTASSESSEETYPE>
    <TARIFFCLASSIFICATION>0</TARIFFCLASSIFICATION>
    <EXCISEDUTYCLASSIFICATION>0</EXCISEDUTYCLASSIFICATION>
    <SERIALNUMBER>0</SERIALNUMBER>
    <ADJUSTMENTCLASSIFICATION>0</ADJUSTMENTCLASSIFICATION>
    <INCOMETAXSLAB>0</INCOMETAXSLAB>
    <INCOMETAXCLASSIFICATION>0</INCOMETAXCLASSIFICATION>
    <VOUCHER>0</VOUCHER>
   </CMPINFO>
  </DESC>
 </BODY>
</ENVELOPE>

Response
<ENVELOPE><HEADER><VERSION>1</VERSION><TALLYREQUEST>Import</TALLYREQUEST><TYPE>Data</TYPE><ID>All Masters</ID></HEADER><BODY><DESC><STATICVARIABLES><SVCURRENTCOMPANY>CMS</SVCURRENTCOMPANY><IMPORTDUPS>@@DupIgnoreCombine</IMPORTDUPS></STATICVARIABLES></DESC><DATA><TALLYMESSAGE><LEDGER NAME="Hon-Member charges"><PARENT>Direct Incomes</PARENT><LANGUAGENAME.LIST><NAME.LIST TYPE="String"><NAME>Hon-Member charges</NAME><NAME>CSH</NAME></NAME.LIST></LANGUAGENAME.LIST></LEDGER></TALLYMESSAGE></DATA></BODY></ENVELOPE>
		Ledger Name : Hon-Member charges
Alias Name : CSH

 Request XML 
<ENVELOPE><HEADER><VERSION>1</VERSION><TALLYREQUEST>Import</TALLYREQUEST><TYPE>Data</TYPE><ID>All Masters</ID></HEADER><BODY><DESC><STATICVARIABLES><SVCURRENTCOMPANY>CMS</SVCURRENTCOMPANY><IMPORTDUPS>@@DupIgnoreCombine</IMPORTDUPS></STATICVARIABLES></DESC><DATA><TALLYMESSAGE><LEDGER NAME="Hon-Member charges"><PARENT>Direct Incomes</PARENT><LANGUAGENAME.LIST><NAME.LIST TYPE="String"><NAME>Hon-Member charges</NAME><NAME>CSH</NAME></NAME.LIST></LANGUAGENAME.LIST></LEDGER></TALLYMESSAGE></DATA></BODY></ENVELOPE>

 Response XML 
<ENVELOPE>
 <HEADER>
  <VERSION>1</VERSION>
  <STATUS>1</STATUS>
 </HEADER>
 <BODY>
  <DATA>
   <IMPORTRESULT>
    <CREATED>0</CREATED>
    <ALTERED>1</ALTERED>
    <LASTVCHID>0</LASTVCHID>
    <LASTMID>0</LASTMID>
    <COMBINED>0</COMBINED>
    <IGNORED>0</IGNORED>
    <ERRORS>0</ERRORS>
   </IMPORTRESULT>
  </DATA>
  <DESC>
   <CMPINFO>
    <COMPANY>0</COMPANY>
    <GROUP>0</GROUP>
    <LEDGER>41</LEDGER>
    <COSTCATEGORY>0</COSTCATEGORY>
    <COSTCENTRE>0</COSTCENTRE>
    <GODOWN>0</GODOWN>
    <STOCKGROUP>0</STOCKGROUP>
    <STOCKCATEGORY>0</STOCKCATEGORY>
    <STOCKITEM>0</STOCKITEM>
    <VOUCHERTYPE>0</VOUCHERTYPE>
    <CURRENCY>0</CURRENCY>
    <UNIT>0</UNIT>
    <BUDGET>0</BUDGET>
    <CLIENTRULE>0</CLIENTRULE>
    <SERVERRULE>0</SERVERRULE>
    <STATE>0</STATE>
    <TDSRATE>0</TDSRATE>
    <TAXCLASSIFICATION>0</TAXCLASSIFICATION>
    <STCATEGORY>0</STCATEGORY>
    <DEDUCTEETYPE>0</DEDUCTEETYPE>
    <ATTENDANCETYPE>0</ATTENDANCETYPE>
    <FBTCATEGORY>0</FBTCATEGORY>
    <FBTASSESSEETYPE>0</FBTASSESSEETYPE>
    <TARIFFCLASSIFICATION>0</TARIFFCLASSIFICATION>
    <EXCISEDUTYCLASSIFICATION>0</EXCISEDUTYCLASSIFICATION>
    <SERIALNUMBER>0</SERIALNUMBER>
    <ADJUSTMENTCLASSIFICATION>0</ADJUSTMENTCLASSIFICATION>
    <INCOMETAXSLAB>0</INCOMETAXSLAB>
    <INCOMETAXCLASSIFICATION>0</INCOMETAXCLASSIFICATION>
    <VOUCHER>0</VOUCHER>
   </CMPINFO>
  </DESC>
 </BODY>
</ENVELOPE>





06/01/2012  10:00:46 AM
Error-->>TallySynchronizer.TallyException: <ENVELOPE>
 <HEADER>
  <VERSION>1</VERSION>
  <STATUS>1</STATUS>
 </HEADER>
 <BODY>
  <DATA>
   <IMPORTRESULT>
    <CREATED>0</CREATED>
    <ALTERED>1</ALTERED>
    <LASTVCHID>0</LASTVCHID>
    <LASTMID>0</LASTMID>
    <COMBINED>0</COMBINED>
    <IGNORED>0</IGNORED>
    <ERRORS>0</ERRORS>
   </IMPORTRESULT>
  </DATA>
  <DESC>
   <CMPINFO>
    <COMPANY>0</COMPANY>
    <GROUP>0</GROUP>
    <LEDGER>42</LEDGER>
    <COSTCATEGORY>0</COSTCATEGORY>
    <COSTCENTRE>0</COSTCENTRE>
    <GODOWN>0</GODOWN>
    <STOCKGROUP>0</STOCKGROUP>
    <STOCKCATEGORY>0</STOCKCATEGORY>
    <STOCKITEM>0</STOCKITEM>
    <VOUCHERTYPE>0</VOUCHERTYPE>
    <CURRENCY>0</CURRENCY>
    <UNIT>0</UNIT>
    <BUDGET>0</BUDGET>
    <CLIENTRULE>0</CLIENTRULE>
    <SERVERRULE>0</SERVERRULE>
    <STATE>0</STATE>
    <TDSRATE>0</TDSRATE>
    <TAXCLASSIFICATION>0</TAXCLASSIFICATION>
    <STCATEGORY>0</STCATEGORY>
    <DEDUCTEETYPE>0</DEDUCTEETYPE>
    <ATTENDANCETYPE>0</ATTENDANCETYPE>
    <FBTCATEGORY>0</FBTCATEGORY>
    <FBTASSESSEETYPE>0</FBTASSESSEETYPE>
    <TARIFFCLASSIFICATION>0</TARIFFCLASSIFICATION>
    <EXCISEDUTYCLASSIFICATION>0</EXCISEDUTYCLASSIFICATION>
    <SERIALNUMBER>0</SERIALNUMBER>
    <ADJUSTMENTCLASSIFICATION>0</ADJUSTMENTCLASSIFICATION>
    <INCOMETAXSLAB>0</INCOMETAXSLAB>
    <INCOMETAXCLASSIFICATION>0</INCOMETAXCLASSIFICATION>
    <VOUCHER>0</VOUCHER>
   </CMPINFO>
  </DESC>
 </BODY>
</ENVELOPE>

Response
<ENVELOPE><HEADER><VERSION>1</VERSION><TALLYREQUEST>Import</TALLYREQUEST><TYPE>Data</TYPE><ID>All Masters</ID></HEADER><BODY><DESC><STATICVARIABLES><SVCURRENTCOMPANY>CMS</SVCURRENTCOMPANY><IMPORTDUPS>@@DupIgnoreCombine</IMPORTDUPS></STATICVARIABLES></DESC><DATA><TALLYMESSAGE><LEDGER NAME="Service Tax@10%"><PARENT>Direct Incomes</PARENT><LANGUAGENAME.LIST><NAME.LIST TYPE="String"><NAME>Service Tax@10%</NAME><NAME>SRV</NAME></NAME.LIST></LANGUAGENAME.LIST></LEDGER></TALLYMESSAGE></DATA></BODY></ENVELOPE>
		Ledger Name : Service Tax@10%
Alias Name : SRV

 Request XML 
<ENVELOPE><HEADER><VERSION>1</VERSION><TALLYREQUEST>Import</TALLYREQUEST><TYPE>Data</TYPE><ID>All Masters</ID></HEADER><BODY><DESC><STATICVARIABLES><SVCURRENTCOMPANY>CMS</SVCURRENTCOMPANY><IMPORTDUPS>@@DupIgnoreCombine</IMPORTDUPS></STATICVARIABLES></DESC><DATA><TALLYMESSAGE><LEDGER NAME="Service Tax@10%"><PARENT>Direct Incomes</PARENT><LANGUAGENAME.LIST><NAME.LIST TYPE="String"><NAME>Service Tax@10%</NAME><NAME>SRV</NAME></NAME.LIST></LANGUAGENAME.LIST></LEDGER></TALLYMESSAGE></DATA></BODY></ENVELOPE>

 Response XML 
<ENVELOPE>
 <HEADER>
  <VERSION>1</VERSION>
  <STATUS>1</STATUS>
 </HEADER>
 <BODY>
  <DATA>
   <IMPORTRESULT>
    <CREATED>0</CREATED>
    <ALTERED>1</ALTERED>
    <LASTVCHID>0</LASTVCHID>
    <LASTMID>0</LASTMID>
    <COMBINED>0</COMBINED>
    <IGNORED>0</IGNORED>
    <ERRORS>0</ERRORS>
   </IMPORTRESULT>
  </DATA>
  <DESC>
   <CMPINFO>
    <COMPANY>0</COMPANY>
    <GROUP>0</GROUP>
    <LEDGER>42</LEDGER>
    <COSTCATEGORY>0</COSTCATEGORY>
    <COSTCENTRE>0</COSTCENTRE>
    <GODOWN>0</GODOWN>
    <STOCKGROUP>0</STOCKGROUP>
    <STOCKCATEGORY>0</STOCKCATEGORY>
    <STOCKITEM>0</STOCKITEM>
    <VOUCHERTYPE>0</VOUCHERTYPE>
    <CURRENCY>0</CURRENCY>
    <UNIT>0</UNIT>
    <BUDGET>0</BUDGET>
    <CLIENTRULE>0</CLIENTRULE>
    <SERVERRULE>0</SERVERRULE>
    <STATE>0</STATE>
    <TDSRATE>0</TDSRATE>
    <TAXCLASSIFICATION>0</TAXCLASSIFICATION>
    <STCATEGORY>0</STCATEGORY>
    <DEDUCTEETYPE>0</DEDUCTEETYPE>
    <ATTENDANCETYPE>0</ATTENDANCETYPE>
    <FBTCATEGORY>0</FBTCATEGORY>
    <FBTASSESSEETYPE>0</FBTASSESSEETYPE>
    <TARIFFCLASSIFICATION>0</TARIFFCLASSIFICATION>
    <EXCISEDUTYCLASSIFICATION>0</EXCISEDUTYCLASSIFICATION>
    <SERIALNUMBER>0</SERIALNUMBER>
    <ADJUSTMENTCLASSIFICATION>0</ADJUSTMENTCLASSIFICATION>
    <INCOMETAXSLAB>0</INCOMETAXSLAB>
    <INCOMETAXCLASSIFICATION>0</INCOMETAXCLASSIFICATION>
    <VOUCHER>0</VOUCHER>
   </CMPINFO>
  </DESC>
 </BODY>
</ENVELOPE>





06/01/2012  10:00:47 AM
Error-->>TallySynchronizer.TallyException: <ENVELOPE>
 <HEADER>
  <VERSION>1</VERSION>
  <STATUS>0</STATUS>
 </HEADER>
 <BODY>
  <DATA>
   <LINEERROR>Duplicate Entry!</LINEERROR>
   <CREATED>0</CREATED>
   <ALTERED>0</ALTERED>
   <LASTVCHID>0</LASTVCHID>
   <LASTMID>0</LASTMID>
   <COMBINED>0</COMBINED>
   <IGNORED>0</IGNORED>
   <ERRORS>1</ERRORS>
  </DATA>
  <DESC>
   <CMPINFO>
    <COMPANY>0</COMPANY>
    <GROUP>0</GROUP>
    <LEDGER>42</LEDGER>
    <COSTCATEGORY>0</COSTCATEGORY>
    <COSTCENTRE>0</COSTCENTRE>
    <GODOWN>0</GODOWN>
    <STOCKGROUP>0</STOCKGROUP>
    <STOCKCATEGORY>0</STOCKCATEGORY>
    <STOCKITEM>0</STOCKITEM>
    <VOUCHERTYPE>0</VOUCHERTYPE>
    <CURRENCY>0</CURRENCY>
    <UNIT>0</UNIT>
    <BUDGET>0</BUDGET>
    <CLIENTRULE>0</CLIENTRULE>
    <SERVERRULE>0</SERVERRULE>
    <STATE>0</STATE>
    <TDSRATE>0</TDSRATE>
    <TAXCLASSIFICATION>0</TAXCLASSIFICATION>
    <STCATEGORY>0</STCATEGORY>
    <DEDUCTEETYPE>0</DEDUCTEETYPE>
    <ATTENDANCETYPE>0</ATTENDANCETYPE>
    <FBTCATEGORY>0</FBTCATEGORY>
    <FBTASSESSEETYPE>0</FBTASSESSEETYPE>
    <TARIFFCLASSIFICATION>0</TARIFFCLASSIFICATION>
    <EXCISEDUTYCLASSIFICATION>0</EXCISEDUTYCLASSIFICATION>
    <SERIALNUMBER>0</SERIALNUMBER>
    <ADJUSTMENTCLASSIFICATION>0</ADJUSTMENTCLASSIFICATION>
    <INCOMETAXSLAB>0</INCOMETAXSLAB>
    <INCOMETAXCLASSIFICATION>0</INCOMETAXCLASSIFICATION>
    <VOUCHER>0</VOUCHER>
   </CMPINFO>
  </DESC>
 </BODY>
</ENVELOPE>

Response
<ENVELOPE><HEADER><VERSION>1</VERSION><TALLYREQUEST>Import</TALLYREQUEST><TYPE>Data</TYPE><ID>All Masters</ID></HEADER><BODY><DESC><STATICVARIABLES><SVCURRENTCOMPANY>CMS</SVCURRENTCOMPANY><IMPORTDUPS>@@DupIgnoreCombine</IMPORTDUPS></STATICVARIABLES></DESC><DATA><TALLYMESSAGE><LEDGER NAME="Green Fees"><PARENT>Direct Incomes</PARENT><LANGUAGENAME.LIST><NAME.LIST TYPE="String"><NAME>Green Fees</NAME><NAME>Green Fees</NAME></NAME.LIST></LANGUAGENAME.LIST></LEDGER></TALLYMESSAGE></DATA></BODY></ENVELOPE>
		Ledger Name : Green Fees
Alias Name : Green Fees

 Request XML 
<ENVELOPE><HEADER><VERSION>1</VERSION><TALLYREQUEST>Import</TALLYREQUEST><TYPE>Data</TYPE><ID>All Masters</ID></HEADER><BODY><DESC><STATICVARIABLES><SVCURRENTCOMPANY>CMS</SVCURRENTCOMPANY><IMPORTDUPS>@@DupIgnoreCombine</IMPORTDUPS></STATICVARIABLES></DESC><DATA><TALLYMESSAGE><LEDGER NAME="Green Fees"><PARENT>Direct Incomes</PARENT><LANGUAGENAME.LIST><NAME.LIST TYPE="String"><NAME>Green Fees</NAME><NAME>Green Fees</NAME></NAME.LIST></LANGUAGENAME.LIST></LEDGER></TALLYMESSAGE></DATA></BODY></ENVELOPE>

 Response XML 
<ENVELOPE>
 <HEADER>
  <VERSION>1</VERSION>
  <STATUS>0</STATUS>
 </HEADER>
 <BODY>
  <DATA>
   <LINEERROR>Duplicate Entry!</LINEERROR>
   <CREATED>0</CREATED>
   <ALTERED>0</ALTERED>
   <LASTVCHID>0</LASTVCHID>
   <LASTMID>0</LASTMID>
   <COMBINED>0</COMBINED>
   <IGNORED>0</IGNORED>
   <ERRORS>1</ERRORS>
  </DATA>
  <DESC>
   <CMPINFO>
    <COMPANY>0</COMPANY>
    <GROUP>0</GROUP>
    <LEDGER>42</LEDGER>
    <COSTCATEGORY>0</COSTCATEGORY>
    <COSTCENTRE>0</COSTCENTRE>
    <GODOWN>0</GODOWN>
    <STOCKGROUP>0</STOCKGROUP>
    <STOCKCATEGORY>0</STOCKCATEGORY>
    <STOCKITEM>0</STOCKITEM>
    <VOUCHERTYPE>0</VOUCHERTYPE>
    <CURRENCY>0</CURRENCY>
    <UNIT>0</UNIT>
    <BUDGET>0</BUDGET>
    <CLIENTRULE>0</CLIENTRULE>
    <SERVERRULE>0</SERVERRULE>
    <STATE>0</STATE>
    <TDSRATE>0</TDSRATE>
    <TAXCLASSIFICATION>0</TAXCLASSIFICATION>
    <STCATEGORY>0</STCATEGORY>
    <DEDUCTEETYPE>0</DEDUCTEETYPE>
    <ATTENDANCETYPE>0</ATTENDANCETYPE>
    <FBTCATEGORY>0</FBTCATEGORY>
    <FBTASSESSEETYPE>0</FBTASSESSEETYPE>
    <TARIFFCLASSIFICATION>0</TARIFFCLASSIFICATION>
    <EXCISEDUTYCLASSIFICATION>0</EXCISEDUTYCLASSIFICATION>
    <SERIALNUMBER>0</SERIALNUMBER>
    <ADJUSTMENTCLASSIFICATION>0</ADJUSTMENTCLASSIFICATION>
    <INCOMETAXSLAB>0</INCOMETAXSLAB>
    <INCOMETAXCLASSIFICATION>0</INCOMETAXCLASSIFICATION>
    <VOUCHER>0</VOUCHER>
   </CMPINFO>
  </DESC>
 </BODY>
</ENVELOPE>





06/01/2012  10:00:47 AM
Error-->>System.NullReferenceException: Object reference not set to an instance of an object.
   at TallySynchronizer.Tally.UpdateTally(Tally_Entry TallyEntry, Tally_EntryDetails[] TallyEntryDetails, SyncType Type, Int16 RetryCount) in D:\TEST\TallySynchronizer\TallyManager.cs:line 335
   at TallySynchronizer.Tally.UpdateTally(Tally_Entry TallyEntry, Tally_EntryDetails[] TallyEntryDetails, SyncType Type) in D:\TEST\TallySynchronizer\TallyManager.cs:line 305
   at TallySynchronizer.Tally.ExportOffLineTransactions() in D:\TEST\TallySynchronizer\TallyManager.cs:line 188
		


06/01/2012  10:00:54 AM
Error-->>TallySynchronizer.TallyException: Ledger Not Found
		

Request 
<ENVELOPE>
<HEADER>
<VERSION>1</VERSION>
<TALLYREQUEST>Import</TALLYREQUEST>
<TYPE>Data</TYPE>
<ID>All Masters</ID>
</HEADER>
<BODY>
<DESC>
<STATICVARIABLES>
<SVCURRENTCOMPANY>CMS</SVCURRENTCOMPANY>
<IMPORTDUPS>@@DupIgnoreCombine</IMPORTDUPS>
</STATICVARIABLES>
</DESC>
<DATA>
<TALLYMESSAGE>
<VOUCHER DATE="20120105" TAGNAME = "Reference" TAGVALUE="149PAY" Action="Alter">
<DATE>20120105</DATE>
<NARRATION>[149PAY][172] ToWards : ledger cheq Cheque : [State Bank of India/BTM layout/55555]</NARRATION>
<VOUCHERTYPENAME>Receipt</VOUCHERTYPENAME>
<VOUCHERNUMBER>149PAY</VOUCHERNUMBER>
<REFERENCE>149PAY</REFERENCE>
<ALLLEDGERENTRIES.LIST>
<LEDGERNAME>CSH</LEDGERNAME>
<ISDEEMEDPOSITIVE>No</ISDEEMEDPOSITIVE>
<AMOUNT>1200</AMOUNT>
</ALLLEDGERENTRIES.LIST>
<ALLLEDGERENTRIES.LIST>
<LEDGERNAME>SRV</LEDGERNAME>
<ISDEEMEDPOSITIVE>Yes</ISDEEMEDPOSITIVE>
<AMOUNT>-600</AMOUNT>
</ALLLEDGERENTRIES.LIST>
<ALLLEDGERENTRIES.LIST>
<LEDGERNAME>GFEE</LEDGERNAME>
<ISDEEMEDPOSITIVE>Yes</ISDEEMEDPOSITIVE>
<AMOUNT>-600</AMOUNT>
</ALLLEDGERENTRIES.LIST>

</VOUCHER>
</TALLYMESSAGE>
</DATA>
</BODY>
</ENVELOPE>

Response 
<ENVELOPE>
 <HEADER>
  <VERSION>1</VERSION>
  <STATUS>0</STATUS>
 </HEADER>
 <BODY>
  <DATA>
   <LINEERROR>Ledger &apos;GFEE&apos; does not exist!</LINEERROR>
   <CREATED>0</CREATED>
   <ALTERED>0</ALTERED>
   <LASTVCHID>0</LASTVCHID>
   <LASTMID>0</LASTMID>
   <COMBINED>0</COMBINED>
   <IGNORED>0</IGNORED>
   <ERRORS>1</ERRORS>
  </DATA>
  <DESC>
   <CMPINFO>
    <COMPANY>0</COMPANY>
    <GROUP>0</GROUP>
    <LEDGER>42</LEDGER>
    <COSTCATEGORY>0</COSTCATEGORY>
    <COSTCENTRE>0</COSTCENTRE>
    <GODOWN>0</GODOWN>
    <STOCKGROUP>0</STOCKGROUP>
    <STOCKCATEGORY>0</STOCKCATEGORY>
    <STOCKITEM>0</STOCKITEM>
    <VOUCHERTYPE>0</VOUCHERTYPE>
    <CURRENCY>0</CURRENCY>
    <UNIT>0</UNIT>
    <BUDGET>0</BUDGET>
    <CLIENTRULE>0</CLIENTRULE>
    <SERVERRULE>0</SERVERRULE>
    <STATE>0</STATE>
    <TDSRATE>0</TDSRATE>
    <TAXCLASSIFICATION>0</TAXCLASSIFICATION>
    <STCATEGORY>0</STCATEGORY>
    <DEDUCTEETYPE>0</DEDUCTEETYPE>
    <ATTENDANCETYPE>0</ATTENDANCETYPE>
    <FBTCATEGORY>0</FBTCATEGORY>
    <FBTASSESSEETYPE>0</FBTASSESSEETYPE>
    <TARIFFCLASSIFICATION>0</TARIFFCLASSIFICATION>
    <EXCISEDUTYCLASSIFICATION>0</EXCISEDUTYCLASSIFICATION>
    <SERIALNUMBER>0</SERIALNUMBER>
    <ADJUSTMENTCLASSIFICATION>0</ADJUSTMENTCLASSIFICATION>
    <INCOMETAXSLAB>0</INCOMETAXSLAB>
    <INCOMETAXCLASSIFICATION>0</INCOMETAXCLASSIFICATION>
    <VOUCHER>0</VOUCHER>
   </CMPINFO>
  </DESC>
 </BODY>
</ENVELOPE>



06/01/2012  10:00:59 AM
Error-->>TallySynchronizer.TallyException: <ENVELOPE>
 <HEADER>
  <VERSION>1</VERSION>
  <STATUS>1</STATUS>
 </HEADER>
 <BODY>
  <DATA>
   <IMPORTRESULT>
    <CREATED>0</CREATED>
    <ALTERED>1</ALTERED>
    <LASTVCHID>0</LASTVCHID>
    <LASTMID>0</LASTMID>
    <COMBINED>0</COMBINED>
    <IGNORED>0</IGNORED>
    <ERRORS>0</ERRORS>
   </IMPORTRESULT>
  </DATA>
  <DESC>
   <CMPINFO>
    <COMPANY>0</COMPANY>
    <GROUP>0</GROUP>
    <LEDGER>43</LEDGER>
    <COSTCATEGORY>0</COSTCATEGORY>
    <COSTCENTRE>0</COSTCENTRE>
    <GODOWN>0</GODOWN>
    <STOCKGROUP>0</STOCKGROUP>
    <STOCKCATEGORY>0</STOCKCATEGORY>
    <STOCKITEM>0</STOCKITEM>
    <VOUCHERTYPE>0</VOUCHERTYPE>
    <CURRENCY>0</CURRENCY>
    <UNIT>0</UNIT>
    <BUDGET>0</BUDGET>
    <CLIENTRULE>0</CLIENTRULE>
    <SERVERRULE>0</SERVERRULE>
    <STATE>0</STATE>
    <TDSRATE>0</TDSRATE>
    <TAXCLASSIFICATION>0</TAXCLASSIFICATION>
    <STCATEGORY>0</STCATEGORY>
    <DEDUCTEETYPE>0</DEDUCTEETYPE>
    <ATTENDANCETYPE>0</ATTENDANCETYPE>
    <FBTCATEGORY>0</FBTCATEGORY>
    <FBTASSESSEETYPE>0</FBTASSESSEETYPE>
    <TARIFFCLASSIFICATION>0</TARIFFCLASSIFICATION>
    <EXCISEDUTYCLASSIFICATION>0</EXCISEDUTYCLASSIFICATION>
    <SERIALNUMBER>0</SERIALNUMBER>
    <ADJUSTMENTCLASSIFICATION>0</ADJUSTMENTCLASSIFICATION>
    <INCOMETAXSLAB>0</INCOMETAXSLAB>
    <INCOMETAXCLASSIFICATION>0</INCOMETAXCLASSIFICATION>
    <VOUCHER>0</VOUCHER>
   </CMPINFO>
  </DESC>
 </BODY>
</ENVELOPE>

Response
<ENVELOPE><HEADER><VERSION>1</VERSION><TALLYREQUEST>Import</TALLYREQUEST><TYPE>Data</TYPE><ID>All Masters</ID></HEADER><BODY><DESC><STATICVARIABLES><SVCURRENTCOMPANY>CMS</SVCURRENTCOMPANY><IMPORTDUPS>@@DupIgnoreCombine</IMPORTDUPS></STATICVARIABLES></DESC><DATA><TALLYMESSAGE><LEDGER NAME="Hon-Member charges"><PARENT>Direct Incomes</PARENT><LANGUAGENAME.LIST><NAME.LIST TYPE="String"><NAME>Hon-Member charges</NAME><NAME>CSH</NAME></NAME.LIST></LANGUAGENAME.LIST></LEDGER></TALLYMESSAGE></DATA></BODY></ENVELOPE>
		Ledger Name : Hon-Member charges
Alias Name : CSH

 Request XML 
<ENVELOPE><HEADER><VERSION>1</VERSION><TALLYREQUEST>Import</TALLYREQUEST><TYPE>Data</TYPE><ID>All Masters</ID></HEADER><BODY><DESC><STATICVARIABLES><SVCURRENTCOMPANY>CMS</SVCURRENTCOMPANY><IMPORTDUPS>@@DupIgnoreCombine</IMPORTDUPS></STATICVARIABLES></DESC><DATA><TALLYMESSAGE><LEDGER NAME="Hon-Member charges"><PARENT>Direct Incomes</PARENT><LANGUAGENAME.LIST><NAME.LIST TYPE="String"><NAME>Hon-Member charges</NAME><NAME>CSH</NAME></NAME.LIST></LANGUAGENAME.LIST></LEDGER></TALLYMESSAGE></DATA></BODY></ENVELOPE>

 Response XML 
<ENVELOPE>
 <HEADER>
  <VERSION>1</VERSION>
  <STATUS>1</STATUS>
 </HEADER>
 <BODY>
  <DATA>
   <IMPORTRESULT>
    <CREATED>0</CREATED>
    <ALTERED>1</ALTERED>
    <LASTVCHID>0</LASTVCHID>
    <LASTMID>0</LASTMID>
    <COMBINED>0</COMBINED>
    <IGNORED>0</IGNORED>
    <ERRORS>0</ERRORS>
   </IMPORTRESULT>
  </DATA>
  <DESC>
   <CMPINFO>
    <COMPANY>0</COMPANY>
    <GROUP>0</GROUP>
    <LEDGER>43</LEDGER>
    <COSTCATEGORY>0</COSTCATEGORY>
    <COSTCENTRE>0</COSTCENTRE>
    <GODOWN>0</GODOWN>
    <STOCKGROUP>0</STOCKGROUP>
    <STOCKCATEGORY>0</STOCKCATEGORY>
    <STOCKITEM>0</STOCKITEM>
    <VOUCHERTYPE>0</VOUCHERTYPE>
    <CURRENCY>0</CURRENCY>
    <UNIT>0</UNIT>
    <BUDGET>0</BUDGET>
    <CLIENTRULE>0</CLIENTRULE>
    <SERVERRULE>0</SERVERRULE>
    <STATE>0</STATE>
    <TDSRATE>0</TDSRATE>
    <TAXCLASSIFICATION>0</TAXCLASSIFICATION>
    <STCATEGORY>0</STCATEGORY>
    <DEDUCTEETYPE>0</DEDUCTEETYPE>
    <ATTENDANCETYPE>0</ATTENDANCETYPE>
    <FBTCATEGORY>0</FBTCATEGORY>
    <FBTASSESSEETYPE>0</FBTASSESSEETYPE>
    <TARIFFCLASSIFICATION>0</TARIFFCLASSIFICATION>
    <EXCISEDUTYCLASSIFICATION>0</EXCISEDUTYCLASSIFICATION>
    <SERIALNUMBER>0</SERIALNUMBER>
    <ADJUSTMENTCLASSIFICATION>0</ADJUSTMENTCLASSIFICATION>
    <INCOMETAXSLAB>0</INCOMETAXSLAB>
    <INCOMETAXCLASSIFICATION>0</INCOMETAXCLASSIFICATION>
    <VOUCHER>0</VOUCHER>
   </CMPINFO>
  </DESC>
 </BODY>
</ENVELOPE>





06/01/2012  10:01:01 AM
Error-->>TallySynchronizer.TallyException: <ENVELOPE>
 <HEADER>
  <VERSION>1</VERSION>
  <STATUS>1</STATUS>
 </HEADER>
 <BODY>
  <DATA>
   <IMPORTRESULT>
    <CREATED>0</CREATED>
    <ALTERED>1</ALTERED>
    <LASTVCHID>0</LASTVCHID>
    <LASTMID>0</LASTMID>
    <COMBINED>0</COMBINED>
    <IGNORED>0</IGNORED>
    <ERRORS>0</ERRORS>
   </IMPORTRESULT>
  </DATA>
  <DESC>
   <CMPINFO>
    <COMPANY>0</COMPANY>
    <GROUP>0</GROUP>
    <LEDGER>44</LEDGER>
    <COSTCATEGORY>0</COSTCATEGORY>
    <COSTCENTRE>0</COSTCENTRE>
    <GODOWN>0</GODOWN>
    <STOCKGROUP>0</STOCKGROUP>
    <STOCKCATEGORY>0</STOCKCATEGORY>
    <STOCKITEM>0</STOCKITEM>
    <VOUCHERTYPE>0</VOUCHERTYPE>
    <CURRENCY>0</CURRENCY>
    <UNIT>0</UNIT>
    <BUDGET>0</BUDGET>
    <CLIENTRULE>0</CLIENTRULE>
    <SERVERRULE>0</SERVERRULE>
    <STATE>0</STATE>
    <TDSRATE>0</TDSRATE>
    <TAXCLASSIFICATION>0</TAXCLASSIFICATION>
    <STCATEGORY>0</STCATEGORY>
    <DEDUCTEETYPE>0</DEDUCTEETYPE>
    <ATTENDANCETYPE>0</ATTENDANCETYPE>
    <FBTCATEGORY>0</FBTCATEGORY>
    <FBTASSESSEETYPE>0</FBTASSESSEETYPE>
    <TARIFFCLASSIFICATION>0</TARIFFCLASSIFICATION>
    <EXCISEDUTYCLASSIFICATION>0</EXCISEDUTYCLASSIFICATION>
    <SERIALNUMBER>0</SERIALNUMBER>
    <ADJUSTMENTCLASSIFICATION>0</ADJUSTMENTCLASSIFICATION>
    <INCOMETAXSLAB>0</INCOMETAXSLAB>
    <INCOMETAXCLASSIFICATION>0</INCOMETAXCLASSIFICATION>
    <VOUCHER>0</VOUCHER>
   </CMPINFO>
  </DESC>
 </BODY>
</ENVELOPE>

Response
<ENVELOPE><HEADER><VERSION>1</VERSION><TALLYREQUEST>Import</TALLYREQUEST><TYPE>Data</TYPE><ID>All Masters</ID></HEADER><BODY><DESC><STATICVARIABLES><SVCURRENTCOMPANY>CMS</SVCURRENTCOMPANY><IMPORTDUPS>@@DupIgnoreCombine</IMPORTDUPS></STATICVARIABLES></DESC><DATA><TALLYMESSAGE><LEDGER NAME="Service Tax@10%"><PARENT>Direct Incomes</PARENT><LANGUAGENAME.LIST><NAME.LIST TYPE="String"><NAME>Service Tax@10%</NAME><NAME>SRV</NAME></NAME.LIST></LANGUAGENAME.LIST></LEDGER></TALLYMESSAGE></DATA></BODY></ENVELOPE>
		Ledger Name : Service Tax@10%
Alias Name : SRV

 Request XML 
<ENVELOPE><HEADER><VERSION>1</VERSION><TALLYREQUEST>Import</TALLYREQUEST><TYPE>Data</TYPE><ID>All Masters</ID></HEADER><BODY><DESC><STATICVARIABLES><SVCURRENTCOMPANY>CMS</SVCURRENTCOMPANY><IMPORTDUPS>@@DupIgnoreCombine</IMPORTDUPS></STATICVARIABLES></DESC><DATA><TALLYMESSAGE><LEDGER NAME="Service Tax@10%"><PARENT>Direct Incomes</PARENT><LANGUAGENAME.LIST><NAME.LIST TYPE="String"><NAME>Service Tax@10%</NAME><NAME>SRV</NAME></NAME.LIST></LANGUAGENAME.LIST></LEDGER></TALLYMESSAGE></DATA></BODY></ENVELOPE>

 Response XML 
<ENVELOPE>
 <HEADER>
  <VERSION>1</VERSION>
  <STATUS>1</STATUS>
 </HEADER>
 <BODY>
  <DATA>
   <IMPORTRESULT>
    <CREATED>0</CREATED>
    <ALTERED>1</ALTERED>
    <LASTVCHID>0</LASTVCHID>
    <LASTMID>0</LASTMID>
    <COMBINED>0</COMBINED>
    <IGNORED>0</IGNORED>
    <ERRORS>0</ERRORS>
   </IMPORTRESULT>
  </DATA>
  <DESC>
   <CMPINFO>
    <COMPANY>0</COMPANY>
    <GROUP>0</GROUP>
    <LEDGER>44</LEDGER>
    <COSTCATEGORY>0</COSTCATEGORY>
    <COSTCENTRE>0</COSTCENTRE>
    <GODOWN>0</GODOWN>
    <STOCKGROUP>0</STOCKGROUP>
    <STOCKCATEGORY>0</STOCKCATEGORY>
    <STOCKITEM>0</STOCKITEM>
    <VOUCHERTYPE>0</VOUCHERTYPE>
    <CURRENCY>0</CURRENCY>
    <UNIT>0</UNIT>
    <BUDGET>0</BUDGET>
    <CLIENTRULE>0</CLIENTRULE>
    <SERVERRULE>0</SERVERRULE>
    <STATE>0</STATE>
    <TDSRATE>0</TDSRATE>
    <TAXCLASSIFICATION>0</TAXCLASSIFICATION>
    <STCATEGORY>0</STCATEGORY>
    <DEDUCTEETYPE>0</DEDUCTEETYPE>
    <ATTENDANCETYPE>0</ATTENDANCETYPE>
    <FBTCATEGORY>0</FBTCATEGORY>
    <FBTASSESSEETYPE>0</FBTASSESSEETYPE>
    <TARIFFCLASSIFICATION>0</TARIFFCLASSIFICATION>
    <EXCISEDUTYCLASSIFICATION>0</EXCISEDUTYCLASSIFICATION>
    <SERIALNUMBER>0</SERIALNUMBER>
    <ADJUSTMENTCLASSIFICATION>0</ADJUSTMENTCLASSIFICATION>
    <INCOMETAXSLAB>0</INCOMETAXSLAB>
    <INCOMETAXCLASSIFICATION>0</INCOMETAXCLASSIFICATION>
    <VOUCHER>0</VOUCHER>
   </CMPINFO>
  </DESC>
 </BODY>
</ENVELOPE>





06/01/2012  10:01:06 AM
Error-->>TallySynchronizer.TallyException: Ledger Mapping Not found for Entry Detail:1816
		EntryID = 798Ledger ID 241


06/01/2012  10:01:06 AM
Error-->>TallySynchronizer.TallyException: System.Exception: Voucher Original Entry Date Needed for modification not provided
   at TallySynchronizer.TallyVoucher.GetVoucherXML(String TallyCompanyName) in D:\TEST\TallySynchronizer\TallyVoucher.cs:line 258
   at TallySynchronizer.TallyConnection.AlterVoucherEntry(TallyVoucher VoucherEntry) in D:\TEST\TallySynchronizer\TallyConnection.cs:line 136
   at TallySynchronizer.Tally.UpdateTally(Tally_Entry TallyEntry, Tally_EntryDetails[] TallyEntryDetails, SyncType Type, Int16 RetryCount) in D:\TEST\TallySynchronizer\TallyManager.cs:line 426
   at TallySynchronizer.Tally.UpdateTally(Tally_Entry TallyEntry, Tally_EntryDetails[] TallyEntryDetails, SyncType Type, Int16 RetryCount) in D:\TEST\TallySynchronizer\TallyManager.cs:line 557
   at TallySynchronizer.Tally.UpdateTally(Tally_Entry TallyEntry, Tally_EntryDetails[] TallyEntryDetails, SyncType Type) in D:\TEST\TallySynchronizer\TallyManager.cs:line 305
   at TallySynchronizer.Tally.ExportOffLineTransactions() in D:\TEST\TallySynchronizer\TallyManager.cs:line 188
		


06/01/2012  11:00:10 AM
Error-->>TallySynchronizer.TallyException: System.Exception: Original Transaction Date not provided
   at TallySynchronizer.TallyVoucher.GetVoucherXML(String TallyCompanyName) in D:\TEST\TallySynchronizer\TallyVoucher.cs:line 250
   at TallySynchronizer.TallyConnection.CancelVoucherEntry(TallyVoucher VoucherEntry) in D:\TEST\TallySynchronizer\TallyConnection.cs:line 156
   at TallySynchronizer.Tally.UpdateTally(Tally_Entry TallyEntry, Tally_EntryDetails[] TallyEntryDetails, SyncType Type, Int16 RetryCount) in D:\TEST\TallySynchronizer\TallyManager.cs:line 389
   at TallySynchronizer.Tally.UpdateTally(Tally_Entry TallyEntry, Tally_EntryDetails[] TallyEntryDetails, SyncType Type, Int16 RetryCount) in D:\TEST\TallySynchronizer\TallyManager.cs:line 557
   at TallySynchronizer.Tally.UpdateTally(Tally_Entry TallyEntry, Tally_EntryDetails[] TallyEntryDetails, SyncType Type) in D:\TEST\TallySynchronizer\TallyManager.cs:line 305
   at TallySynchronizer.Tally.ExportOffLineTransactions() in D:\TEST\TallySynchronizer\TallyManager.cs:line 188
		


06/01/2012  11:00:16 AM
Error-->>System.Threading.AbandonedMutexException: The wait completed due to an abandoned mutex.
   at System.Threading.WaitHandle.WaitOne(Int64 timeout, Boolean exitContext)
   at System.Threading.WaitHandle.WaitOne(Int32 millisecondsTimeout, Boolean exitContext)
   at System.Threading.WaitHandle.WaitOne(Int32 millisecondsTimeout)
   at TallySynchronizer.Tally.ExportOffLineTransactions() in D:\TEST\TallySynchronizer\TallyManager.cs:line 122
		


06/01/2012  11:00:23 AM
Error-->>TallySynchronizer.TallyException: Ledger Mapping Not found for Entry Detail:1816
		EntryID = 798Ledger ID 241


06/01/2012  11:00:24 AM
Error-->>TallySynchronizer.TallyException: System.Exception: Voucher Original Entry Date Needed for modification not provided
   at TallySynchronizer.TallyVoucher.GetVoucherXML(String TallyCompanyName) in D:\TEST\TallySynchronizer\TallyVoucher.cs:line 258
   at TallySynchronizer.TallyConnection.AlterVoucherEntry(TallyVoucher VoucherEntry) in D:\TEST\TallySynchronizer\TallyConnection.cs:line 136
   at TallySynchronizer.Tally.UpdateTally(Tally_Entry TallyEntry, Tally_EntryDetails[] TallyEntryDetails, SyncType Type, Int16 RetryCount) in D:\TEST\TallySynchronizer\TallyManager.cs:line 426
   at TallySynchronizer.Tally.UpdateTally(Tally_Entry TallyEntry, Tally_EntryDetails[] TallyEntryDetails, SyncType Type, Int16 RetryCount) in D:\TEST\TallySynchronizer\TallyManager.cs:line 557
   at TallySynchronizer.Tally.UpdateTally(Tally_Entry TallyEntry, Tally_EntryDetails[] TallyEntryDetails, SyncType Type) in D:\TEST\TallySynchronizer\TallyManager.cs:line 305
   at TallySynchronizer.Tally.ExportOffLineTransactions() in D:\TEST\TallySynchronizer\TallyManager.cs:line 188
		
